day,timestamp,product,bid_price_1,bid_volume_1,bid_price_2,bid_volume_2,bid_price_3,bid_volume_3,ask_price_1,ask_volume_1,ask_price_2,ask_volume_2,ask_price_3,ask_volume_3,mid_price,profit_and_loss
0,0,DIVING_GEAR,99999,6,99998,19,,,100001,6,100002,19,,,100000,0
0,100,DIVING_GEAR,99999,5,99998,12,,,100001,5,100002,12,,,100000,0
0,200,DIVING_GEAR,100002,2,100001,10,100000,14,100003,10,100004,14,,,100002.5,-2.875
0,300,DIVING_GEAR,99999,9,99998,11,,,100001,9,100002,11,,,100000,-1.140625
0,400,DIVING_GEAR,99993,19,,,,,99996,19,,,,,99994.5,4.484375
0,500,DIVING_GEAR,99990,22,,,,,99993,22,,,,,99991.5,7.3515625
0,600,DIVING_GEAR,99984,22,,,,,99987,22,,,,,99985.5,13.609375
0,700,DIVING_GEAR,99985,5,99984,16,,,99987,5,99988,16,,,99986,13.234375
0,800,DIVING_GEAR,99993,5,99992,10,,,99995,5,99996,10,,,99994,4.8046875
0,900,DIVING_GEAR,99990,9,99989,20,,,99992,9,99993,20,,,99991,7.9140625
0,1000,DIVING_GEAR,99986,7,99985,16,,,99988,7,99989,16,,,99987,11.828125
0,1100,DIVING_GEAR,99989,23,,,,,99991,7,99992,16,,,99990,8.75
0,1200,DIVING_GEAR,99991,18,,,,,99994,18,,,,,99992.5,6.515625
0,1300,DIVING_GEAR,99992,10,99991,14,,,99994,10,99995,14,,,99993,5.859375
0,1400,DIVING_GEAR,99986,22,,,,,99989,22,,,,,99987.5,11.7265625
0,1500,DIVING_GEAR,99986,5,99985,18,,,99988,5,99989,18,,,99987,11.921875
0,1600,DIVING_GEAR,99990,17,,,,,99993,17,,,,,99991.5,7.546875
0,1700,DIVING_GEAR,99982,10,99981,20,,,99984,10,99985,20,,,99983,16.0234375
0,1800,DIVING_GEAR,99979,10,99978,12,,,99981,10,99982,12,,,99980,18.9140625
0,1900,DIVING_GEAR,99967,9,99966,17,,,99969,9,99970,17,,,99968,30.890625
0,2000,DIVING_GEAR,99959,10,99958,14,,,99961,10,99962,14,,,99960,39.0234375
0,2100,DIVING_GEAR,99947,21,,,,,99950,21,,,,,99948.5,50.625
0,2200,DIVING_GEAR,99946,6,99945,15,,,99948,6,99949,15,,,99947,52.1171875
0,2300,DIVING_GEAR,99938,6,99937,18,,,99940,6,99941,18,,,99939,60.1015625
0,2400,DIVING_GEAR,99939,20,,,,,99942,20,,,,,99940.5,58.40625
0,2500,DIVING_GEAR,99940,22,,,,,99943,22,,,,,99941.5,57.4296875
0,2600,DIVING_GEAR,99939,24,,,,,99942,24,,,,,99940.5,58.609375
0,2700,DIVING_GEAR,99923,27,,,,,99926,27,,,,,99924.5,74.4609375
0,2800,DIVING_GEAR,99920,5,99919,20,,,99922,5,99923,20,,,99921,77.859375
0,2900,DIVING_GEAR,99920,7,99919,18,,,99922,7,99923,18,,,99921,78.1796875
0,3000,DIVING_GEAR,99920,20,,,,,99923,20,,,,,99921.5,77.46875
0,3100,DIVING_GEAR,99911,8,99910,19,,,99913,8,99914,19,,,99912,87.109375
0,3200,DIVING_GEAR,99908,7,99907,12,,,99910,7,99911,12,,,99909,90.125
0,3300,DIVING_GEAR,99901,15,,,,,99904,15,,,,,99902.5,96.2890625
0,3400,DIVING_GEAR,99896,17,,,,,99899,17,,,,,99897.5,101.390625
0,3500,DIVING_GEAR,99903,17,,,,,99906,17,,,,,99904.5,94.71875
0,3600,DIVING_GEAR,99898,7,99897,16,,,99900,7,99901,16,,,99899,99.8125
0,3700,DIVING_GEAR,99898,7,99897,10,,,99900,7,99901,10,,,99899,100.0234375
0,3800,DIVING_GEAR,99903,18,,,,,99906,18,,,,,99904.5,94.46875
0,3900,DIVING_GEAR,99900,5,99899,10,,,99902,5,99903,10,,,99901,98.1484375
0,4000,DIVING_GEAR,99899,8,99898,13,,,99901,8,99902,13,,,99900,98.859375
0,4100,DIVING_GEAR,99900,6,99899,19,,,99902,6,99903,19,,,99901,98.171875
0,4200,DIVING_GEAR,99900,8,99899,12,,,99902,8,99903,12,,,99901,97.78125
0,4300,DIVING_GEAR,99892,20,,,,,99895,20,,,,,99893.5,105.5
0,4400,DIVING_GEAR,99893,8,99892,18,,,99895,8,99896,18,,,99894,105.03125
0,4500,DIVING_GEAR,99901,19,,,,,99904,19,,,,,99902.5,96.484375
0,4600,DIVING_GEAR,99892,7,99891,12,,,99894,7,99895,12,,,99893,106.2265625
0,4700,DIVING_GEAR,99897,10,99896,18,,,99899,10,99900,18,,,99898,100.828125
0,4800,DIVING_GEAR,99898,7,99897,15,,,99900,7,99901,15,,,99899,100.0859375
0,4900,DIVING_GEAR,99894,10,99893,10,,,99896,10,99897,10,,,99895,104.1328125
0,5000,DIVING_GEAR,99906,19,,,,,99909,19,,,,,99907.5,91.5546875
0,5100,DIVING_GEAR,99911,5,99910,15,,,99913,5,99914,15,,,99912,86.765625
0,5200,DIVING_GEAR,99903,24,,,,,99906,24,,,,,99904.5,94.3203125
0,5300,DIVING_GEAR,99904,5,99903,14,,,99906,5,99907,14,,,99905,93.859375
0,5400,DIVING_GEAR,99908,10,99907,20,,,99910,10,99911,20,,,99909,90.234375
0,5500,DIVING_GEAR,99906,27,,,,,99909,27,,,,,99907.5,91.4296875
0,5600,DIVING_GEAR,99912,1,99911,7,99910,12,99913,7,99914,12,,,99912.5,87.140625
0,5700,DIVING_GEAR,99910,18,,,,,99913,18,,,,,99911.5,87.5703125
0,5800,DIVING_GEAR,99914,19,,,,,99917,19,,,,,99915.5,83.3828125
0,5900,DIVING_GEAR,99923,26,,,,,99926,26,,,,,99924.5,74.3359375
0,6000,DIVING_GEAR,99919,16,,,,,99922,16,,,,,99920.5,78.59375
0,6100,DIVING_GEAR,99920,17,,,,,99923,17,,,,,99921.5,77.3203125
0,6200,DIVING_GEAR,99918,5,99917,13,,,99920,18,,,,,99919,80.25
0,6300,DIVING_GEAR,99918,27,,,,,99921,27,,,,,99919.5,79.453125
0,6400,DIVING_GEAR,99911,10,99910,16,,,99913,10,99914,16,,,99912,86.9375
0,6500,DIVING_GEAR,99907,29,,,,,99910,29,,,,,99908.5,90.59375
0,6600,DIVING_GEAR,99906,7,99905,14,,,99908,7,99909,14,,,99907,91.8359375
0,6700,DIVING_GEAR,99912,10,99911,18,,,99914,10,99915,18,,,99913,86.1875
0,6800,DIVING_GEAR,99919,9,99918,17,,,99921,9,99922,17,,,99920,78.984375
0,6900,DIVING_GEAR,99910,30,,,,,99913,30,,,,,99911.5,87.328125
0,7000,DIVING_GEAR,99905,18,,,,,99908,18,,,,,99906.5,105
0,7100,DIVING_GEAR,99909,23,,,,,99912,23,,,,,99910.5,92.8125
0,7200,DIVING_GEAR,99897,10,99896,11,,,99899,10,99900,11,,,99898,130.46875
0,7300,DIVING_GEAR,99894,25,,,,,99897,25,,,,,99895.5,139.21875
0,7400,DIVING_GEAR,99893,19,,,,,99896,19,,,,,99894.5,141.0625
0,7500,DIVING_GEAR,99901,20,,,,,99904,20,,,,,99902.5,98.3125
0,7600,DIVING_GEAR,99906,7,99905,10,,,99908,7,99909,10,,,99907,76.65625
0,7700,DIVING_GEAR,99904,10,99903,15,,,99906,10,99907,15,,,99905,86.96875
0,7800,DIVING_GEAR,99901,21,,,,,99904,21,,,,,99902.5,98.625
0,7900,DIVING_GEAR,99900,8,99899,15,,,99902,8,99903,15,,,99901,106.5625
0,8000,DIVING_GEAR,99909,23,,,,,99912,23,,,,,99910.5,58.65625
0,8100,DIVING_GEAR,99907,10,99906,15,,,99909,10,99910,15,,,99908,72.125
0,8200,DIVING_GEAR,99905,6,99904,11,,,99907,6,99908,11,,,99906,81.75
0,8300,DIVING_GEAR,99907,7,99906,17,,,99909,7,99910,17,,,99908,70.6875
0,8400,DIVING_GEAR,99906,26,,,,,99909,26,,,,,99907.5,74.5625
0,8500,DIVING_GEAR,99905,8,99904,11,,,99907,8,99908,11,,,99906,80.6875
0,8600,DIVING_GEAR,99898,8,99897,12,,,99900,10,99901,12,,,99899,127.8125
0,8700,DIVING_GEAR,99898,8,99897,13,,,99900,8,99901,13,,,99899,128.5
0,8800,DIVING_GEAR,99895,5,99894,15,,,99897,5,99898,15,,,99896,153.75
0,8900,DIVING_GEAR,99902,16,,,,,99905,16,,,,,99903.5,87.6875
0,9000,DIVING_GEAR,99906,16,,,,,99909,16,,,,,99907.5,50.8125
0,9100,DIVING_GEAR,99906,25,,,,,99909,25,,,,,99907.5,52.25
0,9200,DIVING_GEAR,99910,28,,,,,99913,28,,,,,99911.5,14.5
0,9300,DIVING_GEAR,99908,16,,,,,99911,16,,,,,99909.5,33.75
0,9400,DIVING_GEAR,99915,9,99914,15,,,99917,9,99918,15,,,99916,-25.6875
0,9500,DIVING_GEAR,99915,6,99914,14,,,99917,6,99918,14,,,99916,-25.375
0,9600,DIVING_GEAR,99918,22,,,,,99921,22,,,,,99919.5,-58.3125
0,9700,DIVING_GEAR,99910,23,,,,,99913,23,,,,,99911.5,14.875
0,9800,DIVING_GEAR,99912,20,,,,,99915,20,,,,,99913.5,-4.6875
0,9900,DIVING_GEAR,99902,9,99901,13,,,99904,9,99905,13,,,99903,91
0,10000,DIVING_GEAR,99889,28,,,,,99892,28,,,,,99890.5,206.375
0,10100,DIVING_GEAR,99887,20,,,,,99890,20,,,,,99888.5,223.6875
0,10200,DIVING_GEAR,99881,20,,,,,99884,20,,,,,99882.5,274.75
0,10300,DIVING_GEAR,99882,26,,,,,99885,26,,,,,99883.5,265.5
0,10400,DIVING_GEAR,99897,7,99896,16,,,99899,7,99900,16,,,99898,138.5
0,10500,DIVING_GEAR,99891,28,,,,,99894,28,,,,,99892.5,185.625
0,10600,DIVING_GEAR,99887,27,,,,,99890,27,,,,,99888.5,226.375
0,10700,DIVING_GEAR,99890,1,99889,9,99888,14,99891,9,99892,14,,,99890.5,213.5625
0,10800,DIVING_GEAR,99892,6,99891,18,,,99894,6,99895,18,,,99893,182.625
0,10900,DIVING_GEAR,99891,6,99890,11,,,99893,6,99894,11,,,99892,193.75
0,11000,DIVING_GEAR,99889,24,,,,,99892,24,,,,,99890.5,206.8125
0,11100,DIVING_GEAR,99894,7,99893,18,,,99896,7,99897,18,,,99895,162.6875
0,11200,DIVING_GEAR,99897,19,,,,,99900,19,,,,,99898.5,130.125
0,11300,DIVING_GEAR,99891,10,99890,10,,,99893,10,99894,10,,,99892,195.1875
0,11400,DIVING_GEAR,99890,24,,,,,99893,24,,,,,99891.5,200.25
0,11500,DIVING_GEAR,99890,24,,,,,99893,24,,,,,99891.5,198.125
0,11600,DIVING_GEAR,99884,9,99883,12,,,99886,9,99887,12,,,99885,264.5625
0,11700,DIVING_GEAR,99885,22,,,,,99888,22,,,,,99886.5,248.3125
0,11800,DIVING_GEAR,99880,9,99879,19,,,99882,9,99883,19,,,99881,302.375
0,11900,DIVING_GEAR,99886,10,99885,17,,,99888,10,99889,17,,,99887,241.25
0,12000,DIVING_GEAR,99887,22,,,,,99890,22,,,,,99888.5,229.25
0,12100,DIVING_GEAR,99888,6,99887,18,,,99890,6,99891,18,,,99889,223.6875
0,12200,DIVING_GEAR,99884,6,99883,12,,,99886,6,99887,12,,,99885,261
0,12300,DIVING_GEAR,99883,24,,,,,99886,24,,,,,99884.5,268.5625
0,12400,DIVING_GEAR,99871,7,99870,11,,,99873,7,99874,11,,,99872,394.3125
0,12500,DIVING_GEAR,99863,21,,,,,99866,21,,,,,99864.5,465.5625
0,12600,DIVING_GEAR,99866,8,99865,12,,,99868,8,99869,12,,,99867,442.875
0,12700,DIVING_GEAR,99852,26,,,,,99855,26,,,,,99853.5,576.8125
0,12800,DIVING_GEAR,99858,9,99857,13,,,99860,9,99861,13,,,99859,523.625
0,12900,DIVING_GEAR,99847,7,99846,15,,,99849,7,99850,15,,,99848,633.5625
0,13000,DIVING_GEAR,99851,21,,,,,99854,21,,,,,99852.5,586.0625
0,13100,DIVING_GEAR,99846,25,,,,,99849,25,,,,,99847.5,639.3125
0,13200,DIVING_GEAR,99851,26,,,,,99854,26,,,,,99852.5,590.4375
0,13300,DIVING_GEAR,99852,10,99851,15,,,99854,10,99855,15,,,99853,582.25
0,13400,DIVING_GEAR,99842,19,,,,,99845,19,,,,,99843.5,679
0,13500,DIVING_GEAR,99850,25,,,,,99852,9,99853,16,,,99851,600.5
0,13600,DIVING_GEAR,99859,24,,,,,99862,24,,,,,99860.5,509.875
0,13700,DIVING_GEAR,99859,5,99858,19,,,99861,5,99862,19,,,99860,514.125
0,13800,DIVING_GEAR,99857,8,99856,12,,,99859,8,99860,12,,,99858,531.4375
0,13900,DIVING_GEAR,99856,10,99855,20,,,99858,10,99859,20,,,99857,541.625
0,14000,DIVING_GEAR,99850,8,99849,13,,,99852,8,99853,13,,,99851,603
0,14100,DIVING_GEAR,99857,6,99856,20,,,99859,6,99860,20,,,99858,533.9375
0,14200,DIVING_GEAR,99853,18,,,,,99856,18,,,,,99854.5,568.25
0,14300,DIVING_GEAR,99853,9,99852,20,,,99855,9,99856,20,,,99854,571.5
0,14400,DIVING_GEAR,99848,8,99847,16,,,99850,8,99851,16,,,99849,621.5
0,14500,DIVING_GEAR,99844,9,99843,14,,,99846,9,99847,14,,,99845,661
0,14600,DIVING_GEAR,99836,9,99835,11,,,99838,9,99839,11,,,99837,741.4375
0,14700,DIVING_GEAR,99844,10,99843,11,,,99846,10,99847,11,,,99845,662.4375
0,14800,DIVING_GEAR,99843,10,99842,14,,,99845,10,99846,14,,,99844,672.25
0,14900,DIVING_GEAR,99849,7,99848,15,,,99851,7,99852,15,,,99850,590.125
0,15000,DIVING_GEAR,99849,2,99848,13,,,99851,5,99852,13,,,99850,585.375
0,15100,DIVING_GEAR,99845,10,99844,14,,,99847,10,99848,14,,,99846,655.5
0,15200,DIVING_GEAR,99843,5,99842,11,,,99845,5,99846,11,,,99844,688.5
0,15300,DIVING_GEAR,99839,19,,,,,99841,5,99842,14,,,99840,745
0,15400,DIVING_GEAR,99839,27,,,,,99842,27,,,,,99840.5,744.25
0,15500,DIVING_GEAR,99837,5,99836,15,,,99839,5,99840,15,,,99838,782.25
0,15600,DIVING_GEAR,99835,8,99834,18,,,99837,8,99838,18,,,99836,812.5
0,15700,DIVING_GEAR,99826,18,,,,,99829,18,,,,,99827.5,951.375
0,15800,DIVING_GEAR,99821,17,,,,,99824,17,,,,,99822.5,1032.625
0,15900,DIVING_GEAR,99831,25,,,,,99834,25,,,,,99832.5,866.375
0,16000,DIVING_GEAR,99827,21,,,,,99830,21,,,,,99828.5,934
0,16100,DIVING_GEAR,99821,8,99820,15,,,99823,8,99824,15,,,99822,1040.25
0,16200,DIVING_GEAR,99823,6,99822,10,,,99825,6,99826,10,,,99824,1006.375
0,16300,DIVING_GEAR,99832,5,99831,16,,,99834,21,,,,,99833,865
0,16400,DIVING_GEAR,99822,23,,,,,99825,23,,,,,99823.5,1036.625
0,16500,DIVING_GEAR,99821,27,,,,,99824,27,,,,,99822.5,1061.625
0,16600,DIVING_GEAR,99817,26,,,,,99820,26,,,,,99818.5,1137.375
0,16700,DIVING_GEAR,99806,6,99805,16,,,99808,6,99809,16,,,99807,1347.875
0,16800,DIVING_GEAR,99811,9,99810,14,,,99813,9,99814,14,,,99812,1260.25
0,16900,DIVING_GEAR,99810,24,,,,,99813,24,,,,,99811.5,1263.25
0,17000,DIVING_GEAR,99811,6,99810,20,,,99813,6,99814,20,,,99812,1254.75
0,17100,DIVING_GEAR,99806,20,,,,,99809,20,,,,,99807.5,1344.875
0,17200,DIVING_GEAR,99809,10,99808,10,,,99811,10,99812,10,,,99810,1290.75
0,17300,DIVING_GEAR,99806,9,99805,11,,,99808,9,99809,11,,,99807,1355.25
0,17400,DIVING_GEAR,99805,7,99804,13,,,99807,7,99808,13,,,99806,1372.5
0,17500,DIVING_GEAR,99798,8,99797,11,,,99800,8,99801,11,,,99799,1505
0,17600,DIVING_GEAR,99790,25,,,,,99793,25,,,,,99791.5,1650.5
0,17700,DIVING_GEAR,99798,19,,,,,99801,19,,,,,99799.5,1491.125
0,17800,DIVING_GEAR,99795,22,,,,,99798,22,,,,,99796.5,1551.75
0,17900,DIVING_GEAR,99797,18,,,,,99800,18,,,,,99798.5,1516.25
0,18000,DIVING_GEAR,99797,7,99796,13,,,99799,7,99800,13,,,99798,1521
0,18100,DIVING_GEAR,99794,17,,,,,99797,17,,,,,99795.5,1582.25
0,18200,DIVING_GEAR,99791,7,99790,11,,,99793,4,99794,11,,,99792,1655.5
0,18300,DIVING_GEAR,99795,6,99794,10,,,99797,6,99798,10,,,99796,1556.75
0,18400,DIVING_GEAR,99793,6,99792,13,,,99795,6,99796,13,,,99794,1604.25
0,18500,DIVING_GEAR,99792,5,99791,18,,,99794,5,99795,18,,,99793,1628.25
0,18600,DIVING_GEAR,99792,20,,,,,99795,20,,,,,99793.5,1625
0,18700,DIVING_GEAR,99799,22,,,,,99802,22,,,,,99800.5,1440.25
0,18800,DIVING_GEAR,99804,5,99803,17,,,99806,5,99807,17,,,99805,1333.5
0,18900,DIVING_GEAR,99806,23,,,,,99809,23,,,,,99807.5,1273.5
0,19000,DIVING_GEAR,99803,8,99802,16,,,99805,8,99806,16,,,99804,1362.25
0,19100,DIVING_GEAR,99794,5,99793,16,,,99796,5,99797,16,,,99795,1579.75
0,19200,DIVING_GEAR,99800,10,99799,10,,,99802,10,99803,10,,,99801,1430.75
0,19300,DIVING_GEAR,99806,10,99805,17,,,99808,10,99809,17,,,99807,1279
0,19400,DIVING_GEAR,99805,26,,,,,99808,26,,,,,99806.5,1301.25
0,19500,DIVING_GEAR,99808,16,,,,,99811,16,,,,,99809.5,1216.5
0,19600,DIVING_GEAR,99813,26,,,,,99816,26,,,,,99814.5,1093.75
0,19700,DIVING_GEAR,99819,5,99818,16,,,99821,5,99822,16,,,99820,952
0,19800,DIVING_GEAR,99824,25,,,,,99827,25,,,,,99825.5,790
0,19900,DIVING_GEAR,99821,25,,,,,99824,25,,,,,99822.5,870.5
0,20000,DIVING_GEAR,99831,5,99830,14,,,99833,5,99834,14,,,99832,604
0,20100,DIVING_GEAR,99823,20,,,,,99826,20,,,,,99824.5,823.75
0,20200,DIVING_GEAR,99829,5,99828,14,,,99831,5,99832,14,,,99830,672
0,20300,DIVING_GEAR,99832,10,99831,15,,,99834,10,99835,15,,,99833,585.5
0,20400,DIVING_GEAR,99837,21,,,,,99840,21,,,,,99838.5,423
0,20500,DIVING_GEAR,99849,9,99848,11,,,99851,9,99852,11,,,99850,68.75
0,20600,DIVING_GEAR,99858,23,,,,,99861,23,,,,,99859.5,-211
0,20700,DIVING_GEAR,99851,22,,,,,99854,22,,,,,99852.5,5.25
0,20800,DIVING_GEAR,99840,26,,,,,99843,26,,,,,99841.5,324
0,20900,DIVING_GEAR,99846,6,99845,11,,,99848,6,99849,11,,,99847,170.25
0,21000,DIVING_GEAR,99839,28,,,,,99842,28,,,,,99840.5,362
0,21100,DIVING_GEAR,99839,16,,,,,99842,16,,,,,99840.5,364.5
0,21200,DIVING_GEAR,99844,27,,,,,99847,27,,,,,99845.5,206.5
0,21300,DIVING_GEAR,99834,8,99833,14,,,99836,8,99837,14,,,99835,516.75
0,21400,DIVING_GEAR,99821,8,99820,15,,,99823,8,99824,15,,,99822,915.25
0,21500,DIVING_GEAR,99822,21,,,,,99825,21,,,,,99823.5,866.5
0,21600,DIVING_GEAR,99824,2,99823,10,99822,16,99825,10,99826,16,,,99824.5,858.5
0,21700,DIVING_GEAR,99821,29,,,,,99824,29,,,,,99822.5,904.75
0,21800,DIVING_GEAR,99821,20,,,,,99824,20,,,,,99822.5,897.75
0,21900,DIVING_GEAR,99816,6,99815,16,,,99818,6,99819,16,,,99817,1060.5
0,22000,DIVING_GEAR,99806,25,,,,,99809,25,,,,,99807.5,1346.25
0,22100,DIVING_GEAR,99805,15,,,,,99808,15,,,,,99806.5,1377.75
0,22200,DIVING_GEAR,99799,18,,,,,99802,18,,,,,99800.5,1561.25
0,22300,DIVING_GEAR,99789,10,99788,11,,,99791,10,99792,11,,,99790,1871.75
0,22400,DIVING_GEAR,99792,20,,,,,99794,9,99795,11,,,99793,1776.5
0,22500,DIVING_GEAR,99792,10,99791,12,,,99794,10,99795,12,,,99793,1788.5
0,22600,DIVING_GEAR,99794,22,,,,,99797,22,,,,,99795.5,1712
0,22700,DIVING_GEAR,99788,8,99787,11,,,99790,8,99791,11,,,99789,1898.75
0,22800,DIVING_GEAR,99784,5,99783,10,,,99786,5,99787,10,,,99785,2032
0,22900,DIVING_GEAR,99777,20,,,,,99780,20,,,,,99778.5,2239.5
0,23000,DIVING_GEAR,99772,8,99771,20,,,99774,8,99775,20,,,99773,2423.5
0,23100,DIVING_GEAR,99773,17,,,,,99776,17,,,,,99774.5,2381
0,23200,DIVING_GEAR,99768,23,,,,,99771,23,,,,,99769.5,2559.25
0,23300,DIVING_GEAR,99770,15,,,,,99773,15,,,,,99771.5,2476.75
0,23400,DIVING_GEAR,99773,5,99772,18,,,99775,5,99776,18,,,99774,2398.25
0,23500,DIVING_GEAR,99785,19,,,,,99788,19,,,,,99786.5,1927.25
0,23600,DIVING_GEAR,99777,6,99776,19,,,99779,6,99780,19,,,99778,2251.75
0,23700,DIVING_GEAR,99782,21,,,,,99785,21,,,,,99783.5,2045.5
0,23800,DIVING_GEAR,99782,9,99781,20,,,99784,10,99785,20,,,99783,2066
0,23900,DIVING_GEAR,99781,21,,,,,99784,21,,,,,99782.5,2069.5
0,24000,DIVING_GEAR,99772,19,,,,,99775,19,,,,,99773.5,2416.25
0,24100,DIVING_GEAR,99769,25,,,,,99772,25,,,,,99770.5,2527.75
0,24200,DIVING_GEAR,99774,28,,,,,99777,28,,,,,99775.5,2345.75
0,24300,DIVING_GEAR,99774,9,99773,10,,,99776,9,99777,10,,,99775,2366.5
0,24400,DIVING_GEAR,99774,18,,,,,99777,18,,,,,99775.5,2346.75
0,24500,DIVING_GEAR,99772,22,,,,,99775,22,,,,,99773.5,2418.25
0,24600,DIVING_GEAR,99779,24,,,,,99782,24,,,,,99780.5,2136
0,24700,DIVING_GEAR,99779,22,,,,,99782,22,,,,,99780.5,2141.25
0,24800,DIVING_GEAR,99765,29,,,,,99768,29,,,,,99766.5,2681
0,24900,DIVING_GEAR,99761,28,,,,,99764,28,,,,,99762.5,2851
0,25000,DIVING_GEAR,99749,10,99748,16,,,99751,10,99752,16,,,99750,3334
0,25100,DIVING_GEAR,99728,22,,,,,99731,22,,,,,99729.5,4131
0,25200,DIVING_GEAR,99725,5,99724,20,,,99727,5,99728,20,,,99726,4261
0,25300,DIVING_GEAR,99733,18,,,,,99736,18,,,,,99734.5,3934.75
0,25400,DIVING_GEAR,99734,7,99733,13,,,99736,7,99737,13,,,99735,3923.5
0,25500,DIVING_GEAR,99726,26,,,,,99729,26,,,,,99727.5,4211
0,25600,DIVING_GEAR,99720,23,,,,,99723,23,,,,,99721.5,4441.75
0,25700,DIVING_GEAR,99727,20,,,,,99730,20,,,,,99728.5,4165
0,25800,DIVING_GEAR,99728,17,,,,,99731,17,,,,,99729.5,4126.75
0,25900,DIVING_GEAR,99729,8,99728,12,,,99731,8,99732,12,,,99730,4115.5
0,26000,DIVING_GEAR,99728,27,,,,,99731,27,,,,,99729.5,4128.75
0,26100,DIVING_GEAR,99729,8,99728,14,,,99731,8,99732,14,,,99730,4119.75
0,26200,DIVING_GEAR,99734,8,99733,10,,,99736,8,99737,10,,,99735,3923
0,26300,DIVING_GEAR,99737,21,,,,,99740,21,,,,,99738.5,3787.5
0,26400,DIVING_GEAR,99738,18,,,,,99741,18,,,,,99739.5,3735.25
0,26500,DIVING_GEAR,99732,5,99731,16,,,99734,5,99735,16,,,99733,3991
0,26600,DIVING_GEAR,99735,28,,,,,99738,28,,,,,99736.5,3866.25
0,26700,DIVING_GEAR,99731,7,99730,15,,,99733,7,99734,15,,,99732,4034
0,26800,DIVING_GEAR,99738,7,99737,20,,,99740,7,99741,20,,,99739,3766.25
0,26900,DIVING_GEAR,99731,1,99730,7,99729,11,99732,7,99733,11,,,99731.5,4078.25
0,27000,DIVING_GEAR,99729,8,99728,15,,,99731,8,99732,15,,,99730,4112
0,27100,DIVING_GEAR,99729,9,99728,10,,,99731,9,99732,10,,,99730,4114.25
0,27200,DIVING_GEAR,99720,17,,,,,99723,17,,,,,99721.5,4439.25
0,27300,DIVING_GEAR,99731,24,,,,,99734,24,,,,,99732.5,4017.75
0,27400,DIVING_GEAR,99740,28,,,,,99743,28,,,,,99741.5,3660.25
0,27500,DIVING_GEAR,99737,29,,,,,99740,29,,,,,99738.5,3774
0,27600,DIVING_GEAR,99742,20,,,,,99745,20,,,,,99743.5,3585.25
0,27700,DIVING_GEAR,99745,6,99744,11,,,99747,6,99748,11,,,99746,3492.75
0,27800,DIVING_GEAR,99728,19,,,,,99731,19,,,,,99729.5,4133.5
0,27900,DIVING_GEAR,99730,5,99729,18,,,99732,5,99733,18,,,99731,4072.5
0,28000,DIVING_GEAR,99729,24,,,,,99732,24,,,,,99730.5,4087.75
0,28100,DIVING_GEAR,99730,10,99729,10,,,99732,10,99733,10,,,99731,4067.5
0,28200,DIVING_GEAR,99723,18,,,,,99726,18,,,,,99724.5,4331.75
0,28300,DIVING_GEAR,99721,27,,,,,99724,27,,,,,99722.5,4398.25
0,28400,DIVING_GEAR,99720,20,,,,,99723,20,,,,,99721.5,4440.75
0,28500,DIVING_GEAR,99728,6,99727,17,,,99730,6,99731,17,,,99729,4127.25
0,28600,DIVING_GEAR,99730,8,99729,16,,,99732,8,99733,16,,,99731,4033
0,28700,DIVING_GEAR,99730,8,99729,11,,,99732,8,99733,11,,,99731,4035
0,28800,DIVING_GEAR,99739,26,,,,,99742,26,,,,,99740.5,3613
0,28900,DIVING_GEAR,99736,10,99735,14,,,99738,10,99739,14,,,99737,3767
0,29000,DIVING_GEAR,99733,23,,,,,99736,23,,,,,99734.5,3874.5
0,29100,DIVING_GEAR,99722,19,,,,,99725,19,,,,,99723.5,4377.5
0,29200,DIVING_GEAR,99732,5,99731,18,,,99734,5,99735,18,,,99733,3944
0,29300,DIVING_GEAR,99738,6,99737,19,,,99740,6,99741,19,,,99739,3678
0,29400,DIVING_GEAR,99744,10,99743,11,,,99746,10,99747,11,,,99745,3425
0,29500,DIVING_GEAR,99748,7,99747,20,,,99750,7,99751,20,,,99749,3240
0,29600,DIVING_GEAR,99749,9,99748,18,,,99751,9,99752,18,,,99750,3210
0,29700,DIVING_GEAR,99750,6,99749,18,,,99752,6,99753,18,,,99751,3151
0,29800,DIVING_GEAR,99748,27,,,,,99751,27,,,,,99749.5,3221
0,29900,DIVING_GEAR,99747,22,,,,,99750,22,,,,,99748.5,3277.5
0,30000,DIVING_GEAR,99747,27,,,,,99750,27,,,,,99748.5,3265.5
0,30100,DIVING_GEAR,99757,10,99756,19,,,99759,10,99760,19,,,99758,2829
0,30200,DIVING_GEAR,99760,25,,,,,99763,25,,,,,99761.5,2668.5
0,30300,DIVING_GEAR,99760,7,99759,12,,,99762,7,99763,12,,,99761,2686
0,30400,DIVING_GEAR,99756,27,,,,,99759,27,,,,,99757.5,2854
0,30500,DIVING_GEAR,99752,21,,,,,99755,21,,,,,99753.5,3038
0,30600,DIVING_GEAR,99762,17,,,,,99765,17,,,,,99763.5,2575
0,30700,DIVING_GEAR,99766,8,99765,12,,,99768,8,99769,12,,,99767,2429
0,30800,DIVING_GEAR,99766,10,99765,17,,,99768,10,99769,17,,,99767,2409.5
0,30900,DIVING_GEAR,99764,7,99763,18,,,99766,7,99767,18,,,99765,2510
0,31000,DIVING_GEAR,99757,9,99756,10,,,99759,9,99760,10,,,99758,2831
0,31100,DIVING_GEAR,99756,17,,,,,99759,17,,,,,99757.5,2851
0,31200,DIVING_GEAR,99762,8,99761,13,,,99764,8,99765,13,,,99763,2598.5
0,31300,DIVING_GEAR,99759,22,,,,,99762,22,,,,,99760.5,2712.5
0,31400,DIVING_GEAR,99758,7,99757,12,,,99760,7,99761,12,,,99759,2778.5
0,31500,DIVING_GEAR,99757,7,99756,11,,,99759,7,99760,11,,,99758,2843
0,31600,DIVING_GEAR,99757,26,,,,,99760,26,,,,,99758.5,2811.5
0,31700,DIVING_GEAR,99747,27,,,,,99750,27,,,,,99748.5,3272.5
0,31800,DIVING_GEAR,99746,10,99745,10,,,99748,10,99749,10,,,99747,3340.5
0,31900,DIVING_GEAR,99740,25,,,,,99743,25,,,,,99741.5,3588.5
0,32000,DIVING_GEAR,99746,5,99745,20,,,99748,5,99749,20,,,99747,3333
0,32100,DIVING_GEAR,99741,22,,,,,99744,22,,,,,99742.5,3556
0,32200,DIVING_GEAR,99745,6,99744,11,,,99747,6,99748,11,,,99746,3389.5
0,32300,DIVING_GEAR,99754,27,,,,,99757,27,,,,,99755.5,2949.5
0,32400,DIVING_GEAR,99752,22,,,,,99755,22,,,,,99753.5,3040.5
0,32500,DIVING_GEAR,99748,25,,,,,99751,25,,,,,99749.5,3214.5
0,32600,DIVING_GEAR,99750,7,99749,14,,,99752,7,99753,14,,,99751,3159.5
0,32700,DIVING_GEAR,99750,6,99749,12,,,99752,6,99753,12,,,99751,3160.5
0,32800,DIVING_GEAR,99743,29,,,,,99746,29,,,,,99744.5,3448
0,32900,DIVING_GEAR,99746,27,,,,,99749,27,,,,,99747.5,3315.5
0,33000,DIVING_GEAR,99759,10,99758,16,,,99761,10,99762,16,,,99760,2733
0,33100,DIVING_GEAR,99757,25,,,,,99760,25,,,,,99758.5,2808
0,33200,DIVING_GEAR,99756,27,,,,,99759,27,,,,,99757.5,2867
0,33300,DIVING_GEAR,99749,19,,,,,99752,19,,,,,99750.5,3169.5
0,33400,DIVING_GEAR,99751,29,,,,,99754,29,,,,,99752.5,3077.5
0,33500,DIVING_GEAR,99744,5,99743,17,,,99746,5,99747,17,,,99745,3438.5
0,33600,DIVING_GEAR,99737,10,99736,18,,,99739,10,99740,18,,,99738,3759
0,33700,DIVING_GEAR,99745,7,99744,13,,,99747,7,99748,13,,,99746,3389.5
0,33800,DIVING_GEAR,99739,9,99738,13,,,99741,9,99742,13,,,99740,3651.5
0,33900,DIVING_GEAR,99746,6,99745,13,,,99748,6,99749,13,,,99747,3339.5
0,34000,DIVING_GEAR,99755,22,,,,,99758,22,,,,,99756.5,2899
0,34100,DIVING_GEAR,99757,5,99756,12,,,99759,5,99760,12,,,99758,2824.5
0,34200,DIVING_GEAR,99760,22,,,,,99763,22,,,,,99761.5,2665
0,34300,DIVING_GEAR,99773,6,99772,11,,,99775,6,99776,11,,,99774,2101
0,34400,DIVING_GEAR,99771,22,,,,,99774,22,,,,,99772.5,2158
0,34500,DIVING_GEAR,99768,9,99767,12,,,99770,9,99771,12,,,99769,2330
0,34600,DIVING_GEAR,99759,16,,,,,99762,16,,,,,99760.5,2721.5
0,34700,DIVING_GEAR,99759,26,,,,,99762,26,,,,,99760.5,2710
0,34800,DIVING_GEAR,99769,5,99768,18,,,99771,5,99772,18,,,99770,2282.5
0,34900,DIVING_GEAR,99775,8,99774,19,,,99777,8,99778,19,,,99776,2005.5
0,35000,DIVING_GEAR,99769,5,99768,17,,,99771,5,99772,17,,,99770,2278.5
0,35100,DIVING_GEAR,99763,16,,,,,99766,16,,,,,99764.5,2526
0,35200,DIVING_GEAR,99760,23,,,,,99763,23,,,,,99761.5,2672.5
0,35300,DIVING_GEAR,99762,18,,,,,99765,18,,,,,99763.5,2588
0,35400,DIVING_GEAR,99761,5,99760,17,,,99763,5,99764,17,,,99762,2648
0,35500,DIVING_GEAR,99762,27,,,,,99765,27,,,,,99763.5,2586.5
0,35600,DIVING_GEAR,99764,10,99763,11,,,99766,10,99767,11,,,99765,2500
0,35700,DIVING_GEAR,99762,18,,,,,99765,18,,,,,99763.5,2592.5
0,35800,DIVING_GEAR,99762,9,99761,19,,,99764,9,99765,19,,,99763,2605.5
0,35900,DIVING_GEAR,99763,27,,,,,99766,27,,,,,99764.5,2542
0,36000,DIVING_GEAR,99763,9,99762,17,,,99765,9,99766,17,,,99764,2568.5
0,36100,DIVING_GEAR,99766,8,99765,14,,,99768,8,99769,14,,,99767,2413.5
0,36200,DIVING_GEAR,99778,10,99777,17,,,99780,10,99781,17,,,99779,1838
0,36300,DIVING_GEAR,99781,21,,,,,99784,21,,,,,99782.5,1656
0,36400,DIVING_GEAR,99782,6,99781,15,,,99784,6,99785,15,,,99783,1639
0,36500,DIVING_GEAR,99771,10,99770,14,,,99773,10,99774,14,,,99772,2159
0,36600,DIVING_GEAR,99773,20,,,,,99776,20,,,,,99774.5,2040
0,36700,DIVING_GEAR,99761,23,,,,,99764,23,,,,,99762.5,2640
0,36800,DIVING_GEAR,99752,26,,,,,99755,26,,,,,99753.5,3074
0,36900,DIVING_GEAR,99758,8,99757,12,,,99760,8,99761,12,,,99759,2811.5
0,37000,DIVING_GEAR,99762,19,,,,,99765,19,,,,,99763.5,2594.5
0,37100,DIVING_GEAR,99761,21,,,,,99764,21,,,,,99762.5,2640.5
0,37200,DIVING_GEAR,99750,15,,,,,99753,15,,,,,99751.5,3196
0,37300,DIVING_GEAR,99748,17,,,,,99751,17,,,,,99749.5,3318
0,37400,DIVING_GEAR,99744,7,99743,14,,,99746,7,99747,14,,,99745,3540
0,37500,DIVING_GEAR,99748,7,99747,12,,,99750,7,99751,12,,,99749,3327.5
0,37600,DIVING_GEAR,99762,5,99761,19,,,99764,5,99765,19,,,99763,2576
0,37700,DIVING_GEAR,99763,29,,,,,99766,29,,,,,99764.5,2504
0,37800,DIVING_GEAR,99758,25,,,,,99761,25,,,,,99759.5,2774
0,37900,DIVING_GEAR,99751,16,,,,,99754,16,,,,,99752.5,3186.5
0,38000,DIVING_GEAR,99751,8,99750,15,,,99753,8,99754,15,,,99752,3206.5
0,38100,DIVING_GEAR,99750,9,99749,20,,,99752,9,99753,20,,,99751,3269
0,38200,DIVING_GEAR,99742,26,,,,,99745,26,,,,,99743.5,3675
0,38300,DIVING_GEAR,99743,26,,,,,99746,26,,,,,99744.5,3634.5
0,38400,DIVING_GEAR,99736,7,99735,10,,,99738,7,99739,10,,,99737,4049
0,38500,DIVING_GEAR,99743,8,99742,17,,,99745,8,99746,17,,,99744,3651
0,38600,DIVING_GEAR,99749,22,,,,,99752,22,,,,,99750.5,3271
0,38700,DIVING_GEAR,99756,29,,,,,99759,29,,,,,99757.5,2883
0,38800,DIVING_GEAR,99753,23,,,,,99756,23,,,,,99754.5,3053
0,38900,DIVING_GEAR,99756,27,,,,,99759,27,,,,,99757.5,2869.5
0,39000,DIVING_GEAR,99756,9,99755,10,,,99758,9,99759,10,,,99757,2917
0,39100,DIVING_GEAR,99753,26,,,,,99756,26,,,,,99754.5,3057
0,39200,DIVING_GEAR,99751,27,,,,,99754,27,,,,,99752.5,3179
0,39300,DIVING_GEAR,99743,9,99742,13,,,99745,9,99746,13,,,99744,3645
0,39400,DIVING_GEAR,99734,9,99733,16,,,99736,9,99737,16,,,99735,4162
0,39500,DIVING_GEAR,99739,6,99738,11,,,99741,6,99742,11,,,99740,3878.5
0,39600,DIVING_GEAR,99738,10,99737,11,,,99740,10,99741,11,,,99739,3947
0,39700,DIVING_GEAR,99739,5,99738,10,,,99741,5,99742,10,,,99740,3869.5
0,39800,DIVING_GEAR,99745,18,,,,,99748,18,,,,,99746.5,3493
0,39900,DIVING_GEAR,99734,28,,,,,99737,28,,,,,99735.5,4146.5
0,40000,DIVING_GEAR,99729,22,,,,,99732,22,,,,,99730.5,4442.5
0,40100,DIVING_GEAR,99730,24,,,,,99733,24,,,,,99731.5,4377.5
0,40200,DIVING_GEAR,99733,7,99732,14,,,99735,7,99736,14,,,99734,4229.5
0,40300,DIVING_GEAR,99731,7,99730,16,,,99733,7,99734,16,,,99732,4372.5
0,40400,DIVING_GEAR,99737,8,99736,15,,,99739,8,99740,15,,,99738,3985
0,40500,DIVING_GEAR,99738,23,,,,,99741,23,,,,,99739.5,3906
0,40600,DIVING_GEAR,99731,9,99730,19,,,99733,9,99734,19,,,99732,4364
0,40700,DIVING_GEAR,99725,10,99724,19,,,99727,9,99728,19,,,99726,4716
0,40800,DIVING_GEAR,99730,8,99729,15,,,99732,10,99733,15,,,99731,4406
0,40900,DIVING_GEAR,99733,10,99732,13,,,99735,10,99736,13,,,99734,4223
0,41000,DIVING_GEAR,99721,8,99720,18,,,99723,8,99724,18,,,99722,4975
0,41100,DIVING_GEAR,99729,28,,,,,99732,28,,,,,99730.5,4442
0,41200,DIVING_GEAR,99733,22,,,,,99736,22,,,,,99734.5,4206
0,41300,DIVING_GEAR,99741,21,,,,,99744,21,,,,,99742.5,3674.5
0,41400,DIVING_GEAR,99739,22,,,,,99742,22,,,,,99740.5,3831
0,41500,DIVING_GEAR,99737,21,,,,,99740,21,,,,,99738.5,3950.5
0,41600,DIVING_GEAR,99730,21,,,,,99733,21,,,,,99731.5,4403.5
0,41700,DIVING_GEAR,99746,25,,,,,99749,25,,,,,99747.5,3384
0,41800,DIVING_GEAR,99745,6,99744,15,,,99747,6,99748,15,,,99746,3455
0,41900,DIVING_GEAR,99755,7,99754,14,,,99757,7,99758,14,,,99756,2817.5
0,42000,DIVING_GEAR,99751,6,99750,12,,,99753,6,99754,12,,,99752,3078
0,42100,DIVING_GEAR,99752,8,99751,14,,,99754,8,99755,14,,,99753,3013
0,42200,DIVING_GEAR,99741,20,,,,,99744,20,,,,,99742.5,3685.5
0,42300,DIVING_GEAR,99739,10,99738,19,,,99741,10,99742,19,,,99740,3840
0,42400,DIVING_GEAR,99745,20,,,,,99748,20,,,,,99746.5,3445
0,42500,DIVING_GEAR,99737,16,,,,,99740,16,,,,,99738.5,3949
0,42600,DIVING_GEAR,99744,7,99743,12,,,99746,7,99747,12,,,99745,3518
0,42700,DIVING_GEAR,99746,16,,,,,99749,16,,,,,99747.5,3383
0,42800,DIVING_GEAR,99739,23,,,,,99742,23,,,,,99740.5,3803.5
0,42900,DIVING_GEAR,99736,29,,,,,99739,29,,,,,99737.5,4005.5
0,43000,DIVING_GEAR,99733,24,,,,,99736,24,,,,,99734.5,4191
0,43100,DIVING_GEAR,99733,18,,,,,99736,18,,,,,99734.5,4211
0,43200,DIVING_GEAR,99730,8,99729,13,,,99732,8,99733,13,,,99731,4427.5
0,43300,DIVING_GEAR,99725,9,99724,17,,,99727,9,99728,17,,,99726,4760.5
0,43400,DIVING_GEAR,99723,9,99722,10,,,99725,9,99726,10,,,99724,4883.5
0,43500,DIVING_GEAR,99716,23,,,,,99719,23,,,,,99717.5,5297
0,43600,DIVING_GEAR,99708,19,,,,,99711,19,,,,,99709.5,5816
0,43700,DIVING_GEAR,99708,7,99707,13,,,99710,7,99711,13,,,99709,5835.5
0,43800,DIVING_GEAR,99713,23,,,,,99716,23,,,,,99714.5,5481.5
0,43900,DIVING_GEAR,99704,5,99703,14,,,99706,5,99707,14,,,99705,6096.5
0,44000,DIVING_GEAR,99704,6,99703,15,,,99706,6,99707,15,,,99705,6095.5
0,44100,DIVING_GEAR,99700,9,99699,20,,,99702,9,99703,20,,,99701,6357.5
0,44200,DIVING_GEAR,99693,19,,,,,99696,19,,,,,99694.5,6751
0,44300,DIVING_GEAR,99699,8,99698,10,,,99701,8,99702,10,,,99700,6408.5
0,44400,DIVING_GEAR,99696,9,99695,19,,,99698,9,99699,19,,,99697,6617
0,44500,DIVING_GEAR,99705,9,99704,11,,,99707,9,99708,11,,,99706,6015.5
0,44600,DIVING_GEAR,99700,18,,,,,99703,18,,,,,99701.5,6329.5
0,44700,DIVING_GEAR,99702,27,,,,,99705,27,,,,,99703.5,6174.5
0,44800,DIVING_GEAR,99701,8,99700,16,,,99703,8,99704,16,,,99702,6266.5
0,44900,DIVING_GEAR,99696,19,,,,,99699,19,,,,,99697.5,6570
0,45000,DIVING_GEAR,99700,6,99699,18,,,99702,6,99703,18,,,99701,6334.5
0,45100,DIVING_GEAR,99699,8,99698,20,,,99701,8,99702,20,,,99700,6397
0,45200,DIVING_GEAR,99703,9,99702,19,,,99705,9,99706,19,,,99704,6155.5
0,45300,DIVING_GEAR,99702,18,,,,,99705,18,,,,,99703.5,6175
0,45400,DIVING_GEAR,99696,5,99695,20,,,99698,5,99699,20,,,99697,6612
0,45500,DIVING_GEAR,99695,8,99694,15,,,99697,8,99698,15,,,99696,6653.5
0,45600,DIVING_GEAR,99695,23,,,,,99698,23,,,,,99696.5,6633
0,45700,DIVING_GEAR,99703,3,99701,29,,,99704,29,,,,,99703.5,6248.5
0,45800,DIVING_GEAR,99696,8,99695,11,,,99698,8,99699,11,,,99697,6613
0,45900,DIVING_GEAR,99695,22,,,,,99698,22,,,,,99696.5,6628.5
0,46000,DIVING_GEAR,99685,10,99684,18,,,99687,28,,,,,99686,7342.5
0,46100,DIVING_GEAR,99689,9,99688,13,,,99691,9,99692,13,,,99690,7073
0,46200,DIVING_GEAR,99682,5,99681,16,,,99684,5,99685,16,,,99683,7522
0,46300,DIVING_GEAR,99670,28,,,,,99673,28,,,,,99671.5,8271
0,46400,DIVING_GEAR,99670,23,,,,,99673,23,,,,,99671.5,8296
0,46500,DIVING_GEAR,99677,6,99676,12,,,99679,6,99680,12,,,99678,7838.5
0,46600,DIVING_GEAR,99667,22,,,,,99670,22,,,,,99668.5,8470.5
0,46700,DIVING_GEAR,99661,9,99660,16,,,99663,9,99664,16,,,99662,8922
0,46800,DIVING_GEAR,99656,6,99655,20,,,99658,6,99659,20,,,99657,9230.5
0,46900,DIVING_GEAR,99649,8,99648,16,,,99651,8,99652,16,,,99650,9699
0,47000,DIVING_GEAR,99651,28,,,,,99654,28,,,,,99652.5,9542.5
0,47100,DIVING_GEAR,99646,26,,,,,99649,26,,,,,99647.5,9877.5
0,47200,DIVING_GEAR,99642,6,99641,19,,,99644,6,99645,19,,,99643,10177
0,47300,DIVING_GEAR,99645,19,,,,,99648,19,,,,,99646.5,9936
0,47400,DIVING_GEAR,99640,20,,,,,99643,20,,,,,99641.5,10249.5
0,47500,DIVING_GEAR,99643,28,,,,,99646,28,,,,,99644.5,10070.5
0,47600,DIVING_GEAR,99637,24,,,,,99640,24,,,,,99638.5,10474
0,47700,DIVING_GEAR,99629,23,,,,,99632,23,,,,,99630.5,10976
0,47800,DIVING_GEAR,99618,6,99617,11,,,99620,6,99621,11,,,99619,11737
0,47900,DIVING_GEAR,99630,9,99629,11,,,99632,9,99633,11,,,99631,10967
0,48000,DIVING_GEAR,99628,5,99627,18,,,99630,5,99631,18,,,99629,11100
0,48100,DIVING_GEAR,99629,20,,,,,99632,20,,,,,99630.5,10994.5
0,48200,DIVING_GEAR,99629,7,99628,17,,,99631,7,99632,17,,,99630,11008.5
0,48300,DIVING_GEAR,99630,9,99629,15,,,99632,9,99633,15,,,99631,10941
0,48400,DIVING_GEAR,99630,15,,,,,99633,15,,,,,99631.5,10920
0,48500,DIVING_GEAR,99642,26,,,,,99645,26,,,,,99643.5,10106.5
0,48600,DIVING_GEAR,99636,9,99635,12,,,99638,9,99639,12,,,99637,10550.5
0,48700,DIVING_GEAR,99626,7,99625,11,,,99628,7,99629,11,,,99627,11215.5
0,48800,DIVING_GEAR,99619,18,,,,,99622,18,,,,,99620.5,11648
0,48900,DIVING_GEAR,99611,23,,,,,99614,23,,,,,99612.5,12218
0,49000,DIVING_GEAR,99616,7,99615,11,,,99618,7,99619,11,,,99617,11900
0,49100,DIVING_GEAR,99621,9,99620,15,,,99623,9,99624,15,,,99622,11550.5
0,49200,DIVING_GEAR,99615,9,99614,16,,,99617,9,99618,16,,,99616,11961.5
0,49300,DIVING_GEAR,99606,22,,,,,99609,22,,,,,99607.5,12577.5
0,49400,DIVING_GEAR,99604,10,99603,13,,,99606,10,99607,13,,,99605,12736.5
0,49500,DIVING_GEAR,99613,8,99612,10,,,99615,8,99616,10,,,99614,12117.5
0,49600,DIVING_GEAR,99595,6,99594,20,,,99597,6,99598,20,,,99596,13374
0,49700,DIVING_GEAR,99598,24,,,,,99601,24,,,,,99599.5,13140
0,49800,DIVING_GEAR,99591,27,,,,,99594,27,,,,,99592.5,13620
0,49900,DIVING_GEAR,99598,7,99597,13,,,99600,7,99601,13,,,99599,13157
0,50000,DIVING_GEAR,99591,17,,,,,99594,17,,,,,99592.5,13637.5
0,50100,DIVING_GEAR,99589,24,,,,,99592,24,,,,,99590.5,13765.5
0,50200,DIVING_GEAR,99580,10,99579,10,,,99582,10,99583,10,,,99581,14437
0,50300,DIVING_GEAR,99574,5,99573,12,,,99576,5,99577,12,,,99575,14873
0,50400,DIVING_GEAR,99583,7,99582,16,,,99585,7,99586,16,,,99584,14256
0,50500,DIVING_GEAR,99588,7,99587,19,,,99590,7,99591,19,,,99589,13891
0,50600,DIVING_GEAR,99585,20,,,,,99588,20,,,,,99586.5,14071
0,50700,DIVING_GEAR,99580,8,99579,15,,,99582,8,99583,15,,,99581,14459
0,50800,DIVING_GEAR,99568,9,99567,16,,,99570,9,99571,16,,,99569,15303
0,50900,DIVING_GEAR,99565,30,,,,,99568,30,,,,,99566.5,15478.5
0,51000,DIVING_GEAR,99565,25,,,,,99568,25,,,,,99566.5,15493
0,51100,DIVING_GEAR,99565,6,99564,18,,,99567,6,99568,18,,,99566,15531.5
0,51200,DIVING_GEAR,99564,6,99563,17,,,99566,6,99567,17,,,99565,15573.5
0,51300,DIVING_GEAR,99557,6,99556,19,,,99559,6,99560,19,,,99558,16074
0,51400,DIVING_GEAR,99556,23,,,,,99559,23,,,,,99557.5,16104
0,51500,DIVING_GEAR,99556,19,,,,,99559,19,,,,,99557.5,16121.5
0,51600,DIVING_GEAR,99564,25,,,,,99567,25,,,,,99565.5,15547.5
0,51700,DIVING_GEAR,99576,25,,,,,99579,25,,,,,99577.5,14716.5
0,51800,DIVING_GEAR,99575,22,,,,,99578,22,,,,,99576.5,14778
0,51900,DIVING_GEAR,99570,19,,,,,99573,19,,,,,99571.5,15120.5
0,52000,DIVING_GEAR,99570,7,99569,20,,,99572,7,99573,20,,,99571,15150
0,52100,DIVING_GEAR,99566,24,,,,,99569,24,,,,,99567.5,15421
0,52200,DIVING_GEAR,99561,17,,,,,99564,17,,,,,99562.5,15752
0,52300,DIVING_GEAR,99561,21,,,,,99564,21,,,,,99562.5,15779
0,52400,DIVING_GEAR,99555,10,99554,11,,,99557,10,99558,11,,,99556,16244
0,52500,DIVING_GEAR,99558,25,,,,,99561,25,,,,,99559.5,15974.5
0,52600,DIVING_GEAR,99558,9,99557,18,,,99560,9,99561,18,,,99559,16022
0,52700,DIVING_GEAR,99559,17,,,,,99562,17,,,,,99560.5,15911
0,52800,DIVING_GEAR,99558,21,,,,,99561,21,,,,,99559.5,15993
0,52900,DIVING_GEAR,99553,20,,,,,99556,20,,,,,99554.5,16317.5
0,53000,DIVING_GEAR,99548,10,99547,18,,,99550,10,99551,18,,,99549,16740
0,53100,DIVING_GEAR,99546,20,,,,,99549,20,,,,,99547.5,16846
0,53200,DIVING_GEAR,99543,10,99542,16,,,99545,10,99546,16,,,99544,17091
0,53300,DIVING_GEAR,99544,17,,,,,99547,17,,,,,99545.5,16987.5
0,53400,DIVING_GEAR,99544,28,,,,,99546,10,99547,18,,,99545,16990
0,53500,DIVING_GEAR,99535,23,,,,,99538,23,,,,,99536.5,17597
0,53600,DIVING_GEAR,99536,6,99535,13,,,99538,6,99539,13,,,99537,17567.5
0,53700,DIVING_GEAR,99527,29,,,,,99530,29,,,,,99528.5,18166
0,53800,DIVING_GEAR,99524,9,99523,11,,,99526,9,99527,11,,,99525,18443.5
0,53900,DIVING_GEAR,99522,6,99521,17,,,99524,6,99525,17,,,99523,18577
0,54000,DIVING_GEAR,99509,10,99508,14,,,99511,10,99512,14,,,99510,19514.5
0,54100,DIVING_GEAR,99509,16,,,,,99512,16,,,,,99510.5,19473.5
0,54200,DIVING_GEAR,99510,17,,,,,99513,17,,,,,99511.5,19406
0,54300,DIVING_GEAR,99509,20,,,,,99512,20,,,,,99510.5,19478
0,54400,DIVING_GEAR,99507,7,99506,15,,,99509,7,99510,15,,,99508,19670.5
0,54500,DIVING_GEAR,99504,20,,,,,99507,20,,,,,99505.5,19839
0,54600,DIVING_GEAR,99498,17,,,,,99501,17,,,,,99499.5,20280.5
0,54700,DIVING_GEAR,99496,25,,,,,99499,25,,,,,99497.5,20404
0,54800,DIVING_GEAR,99493,5,99492,13,,,99495,5,99496,13,,,99494,20664.5
0,54900,DIVING_GEAR,99493,20,,,,,99496,20,,,,,99494.5,20622
0,55000,DIVING_GEAR,99486,8,99485,13,,,99488,8,99489,13,,,99487,21188.5
0,55100,DIVING_GEAR,99487,23,,,,,99490,23,,,,,99488.5,21078.5
0,55200,DIVING_GEAR,99488,21,,,,,99491,21,,,,,99489.5,21012
0,55300,DIVING_GEAR,99487,25,,,,,99490,25,,,,,99488.5,21079
0,55400,DIVING_GEAR,99485,8,99484,19,,,99487,8,99488,19,,,99486,21286.5
0,55500,DIVING_GEAR,99488,24,,,,,99491,24,,,,,99489.5,21027.5
0,55600,DIVING_GEAR,99478,7,99477,16,,,99480,7,99481,16,,,99479,21810
0,55700,DIVING_GEAR,99480,26,,,,,99483,26,,,,,99481.5,21594.5
0,55800,DIVING_GEAR,99482,22,,,,,99484,6,99485,16,,,99483,21481
0,55900,DIVING_GEAR,99484,6,99483,13,,,99486,6,99487,13,,,99485,21348
0,56000,DIVING_GEAR,99486,21,,,,,99489,21,,,,,99487.5,21168.5
0,56100,DIVING_GEAR,99482,24,,,,,99485,24,,,,,99483.5,21476
0,56200,DIVING_GEAR,99480,22,,,,,99483,22,,,,,99481.5,21599
0,56300,DIVING_GEAR,99484,25,,,,,99487,25,,,,,99485.5,21300.5
0,56400,DIVING_GEAR,99487,27,,,,,99490,27,,,,,99488.5,21098
0,56500,DIVING_GEAR,99488,25,,,,,99491,25,,,,,99489.5,21001.5
0,56600,DIVING_GEAR,99479,8,99478,16,,,99481,8,99482,16,,,99480,21714
0,56700,DIVING_GEAR,99482,20,,,,,99485,21,,,,,99483.5,21460.5
0,56800,DIVING_GEAR,99490,9,99489,14,,,99492,9,99493,14,,,99491,20904
0,56900,DIVING_GEAR,99496,7,99495,14,,,99498,7,99499,14,,,99497,20424
0,57000,DIVING_GEAR,99497,21,,,,,99500,21,,,,,99498.5,20313
0,57100,DIVING_GEAR,99488,8,99487,18,,,99490,8,99491,18,,,99489,21055.5
0,57200,DIVING_GEAR,99493,17,,,,,99496,17,,,,,99494.5,20607.5
0,57300,DIVING_GEAR,99493,5,99492,11,,,99495,5,99496,11,,,99494,20678
0,57400,DIVING_GEAR,99477,8,99476,14,,,99479,8,99480,14,,,99478,21885
0,57500,DIVING_GEAR,99479,18,,,,,99482,18,,,,,99480.5,21706
0,57600,DIVING_GEAR,99470,9,99469,16,,,99472,9,99473,16,,,99471,22417
0,57700,DIVING_GEAR,99462,5,99461,15,,,99464,5,99465,15,,,99463,23035
0,57800,DIVING_GEAR,99458,5,99457,12,,,99460,5,99461,12,,,99459,23338
0,57900,DIVING_GEAR,99466,10,99465,10,,,99468,20,,,,,99467,22733
0,58000,DIVING_GEAR,99463,24,,,,,99466,24,,,,,99464.5,22910
0,58100,DIVING_GEAR,99465,7,99464,19,,,99467,7,99468,19,,,99466,22775.5
0,58200,DIVING_GEAR,99476,5,99475,15,,,99478,5,99479,15,,,99477,21921.5
0,58300,DIVING_GEAR,99486,9,99485,15,,,99488,9,99489,15,,,99487,21143
0,58400,DIVING_GEAR,99485,30,,,,,99488,30,,,,,99486.5,21194
0,58500,DIVING_GEAR,99484,8,99483,17,,,99486,8,99487,17,,,99485,21313
0,58600,DIVING_GEAR,99476,10,99475,18,,,99478,10,99479,18,,,99477,21930.5
0,58700,DIVING_GEAR,99471,24,,,,,99474,24,,,,,99472.5,22270.5
0,58800,DIVING_GEAR,99474,15,,,,,99476,5,99477,10,,,99475,22063
0,58900,DIVING_GEAR,99476,25,,,,,99479,25,,,,,99477.5,21870
0,59000,DIVING_GEAR,99477,21,,,,,99480,21,,,,,99478.5,21817
0,59100,DIVING_GEAR,99483,15,,,,,99486,15,,,,,99484.5,21331
0,59200,DIVING_GEAR,99479,6,99478,17,,,99481,6,99482,17,,,99480,21709.5
0,59300,DIVING_GEAR,99478,30,,,,,99481,30,,,,,99479.5,21737.5
0,59400,DIVING_GEAR,99483,10,99482,11,,,99485,10,99486,11,,,99484,21380.5
0,59500,DIVING_GEAR,99486,25,,,,,99489,25,,,,,99487.5,21096
0,59600,DIVING_GEAR,99493,18,,,,,99496,18,,,,,99494.5,20573
0,59700,DIVING_GEAR,99496,10,99495,15,,,99498,10,99499,15,,,99497,20379.5
0,59800,DIVING_GEAR,99494,7,99493,20,,,99496,7,99497,20,,,99495,20531
0,59900,DIVING_GEAR,99496,9,99495,11,,,99498,9,99499,11,,,99497,20355
0,60000,DIVING_GEAR,99490,9,99489,19,,,99492,9,99493,19,,,99491,20845.5
0,60100,DIVING_GEAR,99479,24,,,,,99482,24,,,,,99480.5,21647.5
0,60200,DIVING_GEAR,99483,5,99482,20,,,99485,5,99486,20,,,99484,21365
0,60300,DIVING_GEAR,99483,10,99482,19,,,99485,10,99486,19,,,99484,21392
0,60400,DIVING_GEAR,99485,6,99484,15,,,99487,6,99488,15,,,99486,21242.5
0,60500,DIVING_GEAR,99474,7,99473,13,,,99476,7,99477,13,,,99475,22073
0,60600,DIVING_GEAR,99472,10,99471,18,,,99474,10,99475,18,,,99473,22251.5
0,60700,DIVING_GEAR,99468,6,99467,11,,,99470,6,99471,11,,,99469,22545.5
0,60800,DIVING_GEAR,99462,25,,,,,99465,25,,,,,99463.5,22968.5
0,60900,DIVING_GEAR,99448,24,,,,,99451,24,,,,,99449.5,24071
0,61000,DIVING_GEAR,99446,23,,,,,99449,23,,,,,99447.5,24235.5
0,61100,DIVING_GEAR,99452,9,99451,11,,,99454,9,99455,11,,,99453,23797.5
0,61200,DIVING_GEAR,99454,22,,,,,99457,24,,,,,99455.5,23609.5
0,61300,DIVING_GEAR,99450,22,,,,,99453,22,,,,,99451.5,23911
0,61400,DIVING_GEAR,99452,3,99450,15,,,99453,15,,,,,99452.5,23919.5
0,61500,DIVING_GEAR,99455,20,,,,,99457,5,99458,15,,,99456,23540.5
0,61600,DIVING_GEAR,99438,5,99437,10,,,99440,5,99441,10,,,99439,24925
0,61700,DIVING_GEAR,99437,10,99436,12,,,99439,10,99440,12,,,99438,24987
0,61800,DIVING_GEAR,99440,26,,,,,99443,26,,,,,99441.5,24709
0,61900,DIVING_GEAR,99445,7,99444,13,,,99447,7,99448,13,,,99446,24359.5
0,62000,DIVING_GEAR,99455,25,,,,,99458,25,,,,,99456.5,23486
0,62100,DIVING_GEAR,99462,30,,,,,99465,30,,,,,99463.5,22904
0,62200,DIVING_GEAR,99464,28,,,,,99467,28,,,,,99465.5,22744.5
0,62300,DIVING_GEAR,99466,24,,,,,99469,24,,,,,99467.5,22589.5
0,62400,DIVING_GEAR,99471,25,,,,,99474,25,,,,,99472.5,22185.5
0,62500,DIVING_GEAR,99468,10,99467,20,,,99470,10,99471,20,,,99469,22466
0,62600,DIVING_GEAR,99467,17,,,,,99470,17,,,,,99468.5,22490
0,62700,DIVING_GEAR,99473,19,,,,,99476,19,,,,,99474.5,22008
0,62800,DIVING_GEAR,99485,18,,,,,99488,18,,,,,99486.5,20966
0,62900,DIVING_GEAR,99484,20,,,,,99487,20,,,,,99485.5,21052
0,63000,DIVING_GEAR,99484,27,,,,,99487,27,,,,,99485.5,21078
0,63100,DIVING_GEAR,99485,26,,,,,99488,26,,,,,99486.5,20973
0,63200,DIVING_GEAR,99494,10,99493,15,,,99496,10,99497,15,,,99495,20258
0,63300,DIVING_GEAR,99493,27,,,,,99496,27,,,,,99494.5,20275
0,63400,DIVING_GEAR,99503,9,99502,10,,,99505,9,99506,10,,,99504,19493
0,63500,DIVING_GEAR,99497,7,99496,12,,,99499,7,99500,12,,,99498,20009
0,63600,DIVING_GEAR,99495,23,,,,,99498,23,,,,,99496.5,20109
0,63700,DIVING_GEAR,99494,24,,,,,99497,24,,,,,99495.5,20215
0,63800,DIVING_GEAR,99499,24,,,,,99502,24,,,,,99500.5,19796
0,63900,DIVING_GEAR,99506,10,99505,13,,,99508,10,99509,13,,,99507,19240
0,64000,DIVING_GEAR,99496,26,,,,,99499,26,,,,,99497.5,20045
0,64100,DIVING_GEAR,99490,19,,,,,99493,19,,,,,99491.5,20534
0,64200,DIVING_GEAR,99493,5,99492,11,,,99495,5,99496,11,,,99494,20355
0,64300,DIVING_GEAR,99488,27,,,,,99491,27,,,,,99489.5,20706
0,64400,DIVING_GEAR,99479,6,99478,16,,,99481,6,99482,16,,,99480,21518
0,64500,DIVING_GEAR,99485,17,,,,,99488,17,,,,,99486.5,20965
0,64600,DIVING_GEAR,99488,24,,,,,99491,24,,,,,99489.5,20703
0,64700,DIVING_GEAR,99492,5,99491,11,,,99494,5,99495,11,,,99493,20441
0,64800,DIVING_GEAR,99489,8,99488,10,,,99491,8,99492,10,,,99490,20695
0,64900,DIVING_GEAR,99495,6,99494,15,,,99497,6,99498,15,,,99496,20148
0,65000,DIVING_GEAR,99493,26,,,,,99496,26,,,,,99494.5,20276
0,65100,DIVING_GEAR,99500,24,,,,,99503,24,,,,,99501.5,19693
0,65200,DIVING_GEAR,99495,8,99494,12,,,99497,8,99498,12,,,99496,20179
0,65300,DIVING_GEAR,99489,28,,,,,99492,28,,,,,99490.5,20635
0,65400,DIVING_GEAR,99491,5,99490,17,,,99493,5,99494,17,,,99492,20526
0,65500,DIVING_GEAR,99486,23,,,,,99489,23,,,,,99487.5,20901
0,65600,DIVING_GEAR,99490,26,,,,,99493,26,,,,,99491.5,20542
0,65700,DIVING_GEAR,99492,9,99491,12,,,99494,9,99495,12,,,99493,20404
0,65800,DIVING_GEAR,99486,15,,,,,99489,15,,,,,99487.5,20897
0,65900,DIVING_GEAR,99487,8,99486,11,,,99489,8,99490,11,,,99488,20859
0,66000,DIVING_GEAR,99484,28,,,,,99487,28,,,,,99485.5,21046
0,66100,DIVING_GEAR,99490,20,,,,,99493,20,,,,,99491.5,20559
0,66200,DIVING_GEAR,99486,29,,,,,99489,29,,,,,99487.5,20897
0,66300,DIVING_GEAR,99483,26,,,,,99486,26,,,,,99484.5,21132
0,66400,DIVING_GEAR,99491,10,99490,16,,,99493,10,99494,16,,,99492,20487
0,66500,DIVING_GEAR,99505,22,,,,,99508,22,,,,,99506.5,19295
0,66600,DIVING_GEAR,99518,5,99517,16,,,99520,5,99521,16,,,99519,18231
0,66700,DIVING_GEAR,99518,9,99517,10,,,99520,9,99521,10,,,99519,18197
0,66800,DIVING_GEAR,99519,17,,,,,99522,17,,,,,99520.5,18082
0,66900,DIVING_GEAR,99529,10,99528,19,,,99531,10,99532,19,,,99530,17265
0,67000,DIVING_GEAR,99528,15,,,,,99531,15,,,,,99529.5,17332
0,67100,DIVING_GEAR,99522,6,99521,12,,,99524,6,99525,12,,,99523,17853
0,67200,DIVING_GEAR,99523,5,99522,11,,,99525,5,99526,11,,,99524,17792
0,67300,DIVING_GEAR,99526,10,99525,17,,,99528,10,99529,17,,,99527,17552
0,67400,DIVING_GEAR,99520,23,,,,,99523,23,,,,,99521.5,17994
0,67500,DIVING_GEAR,99510,6,99509,20,,,99512,6,99513,20,,,99511,18872
0,67600,DIVING_GEAR,99501,7,99500,11,,,99503,7,99504,11,,,99502,19638
0,67700,DIVING_GEAR,99505,23,,,,,99508,23,,,,,99506.5,19284
0,67800,DIVING_GEAR,99500,20,,,,,99503,20,,,,,99501.5,19690
0,67900,DIVING_GEAR,99499,24,,,,,99502,24,,,,,99500.5,19765
0,68000,DIVING_GEAR,99501,10,99500,15,,,99503,10,99504,15,,,99502,19653
0,68100,DIVING_GEAR,99505,7,99504,14,,,99507,7,99508,14,,,99506,19324
0,68200,DIVING_GEAR,99503,8,99502,19,,,99505,8,99506,19,,,99504,19503
0,68300,DIVING_GEAR,99506,7,99505,20,,,99508,7,99509,20,,,99507,19238
0,68400,DIVING_GEAR,99500,17,,,,,99503,17,,,,,99501.5,19713
0,68500,DIVING_GEAR,99498,8,99497,11,,,99500,8,99501,11,,,99499,19906
0,68600,DIVING_GEAR,99491,24,,,,,99494,24,,,,,99492.5,20453
0,68700,DIVING_GEAR,99498,19,,,,,99501,19,,,,,99499.5,19850
0,68800,DIVING_GEAR,99498,21,,,,,99501,21,,,,,99499.5,19866
0,68900,DIVING_GEAR,99494,10,99493,15,,,99496,10,99497,15,,,99495,20260
0,69000,DIVING_GEAR,99491,27,,,,,99494,27,,,,,99492.5,20449
0,69100,DIVING_GEAR,99492,3,99490,20,,,99493,20,,,,,99492.5,20567
0,69200,DIVING_GEAR,99494,20,,,,,99497,20,,,,,99495.5,20195
0,69300,DIVING_GEAR,99484,17,,,,,99487,17,,,,,99485.5,21046
0,69400,DIVING_GEAR,99478,6,99477,19,,,99480,6,99481,19,,,99479,21599
0,69500,DIVING_GEAR,99476,10,99475,14,,,99478,10,99479,14,,,99477,21801
0,69600,DIVING_GEAR,99491,18,,,,,99494,18,,,,,99492.5,20436
0,69700,DIVING_GEAR,99497,28,,,,,99500,28,,,,,99498.5,19907
0,69800,DIVING_GEAR,99497,5,99496,15,,,99499,5,99500,15,,,99498,19969
0,69900,DIVING_GEAR,99501,28,,,,,99504,28,,,,,99502.5,19577
0,70000,DIVING_GEAR,99514,27,,,,,99517,27,,,,,99515.5,18409
0,70100,DIVING_GEAR,99513,10,99512,18,,,99515,10,99516,18,,,99514,18543
0,70200,DIVING_GEAR,99510,22,,,,,99513,22,,,,,99511.5,18753
0,70300,DIVING_GEAR,99518,6,99517,20,,,99520,6,99521,20,,,99519,18062
0,70400,DIVING_GEAR,99521,6,99520,17,,,99523,6,99524,17,,,99522,17781
0,70500,DIVING_GEAR,99525,20,,,,,99528,20,,,,,99526.5,17398
0,70600,DIVING_GEAR,99522,9,99521,11,,,99524,9,99525,11,,,99523,17689
0,70700,DIVING_GEAR,99534,9,99533,10,,,99536,9,99537,10,,,99535,16592
0,70800,DIVING_GEAR,99545,5,99544,15,,,99547,5,99548,15,,,99546,15617
0,70900,DIVING_GEAR,99548,19,,,,,99551,19,,,,,99549.5,15286
0,71000,DIVING_GEAR,99553,5,99552,20,,,99555,25,,,,,99554,14888
0,71100,DIVING_GEAR,99540,7,99539,12,,,99542,7,99543,12,,,99541,16071
0,71200,DIVING_GEAR,99544,5,99543,10,,,99546,5,99547,10,,,99545,15700
0,71300,DIVING_GEAR,99543,8,99542,12,,,99545,8,99546,12,,,99544,15814
0,71400,DIVING_GEAR,99545,28,,,,,99548,28,,,,,99546.5,15562
0,71500,DIVING_GEAR,99550,5,99549,18,,,99552,5,99553,18,,,99551,15164
0,71600,DIVING_GEAR,99547,20,,,,,99550,20,,,,,99548.5,15364
0,71700,DIVING_GEAR,99537,9,99536,17,,,99539,9,99540,17,,,99538,16351
0,71800,DIVING_GEAR,99539,19,,,,,99542,19,,,,,99540.5,16137
0,71900,DIVING_GEAR,99534,29,,,,,99537,29,,,,,99535.5,16570
0,72000,DIVING_GEAR,99532,18,,,,,99535,18,,,,,99533.5,16764
0,72100,DIVING_GEAR,99529,8,99528,11,,,99531,8,99532,11,,,99530,17117
0,72200,DIVING_GEAR,99526,22,,,,,99529,22,,,,,99527.5,17316
0,72300,DIVING_GEAR,99512,8,99511,19,,,99514,8,99515,19,,,99513,18664
0,72400,DIVING_GEAR,99520,5,99519,19,,,99522,5,99523,19,,,99521,17955
0,72500,DIVING_GEAR,99521,25,,,,,99524,25,,,,,99522.5,17808
0,72600,DIVING_GEAR,99528,27,,,,,99531,27,,,,,99529.5,17161
0,72700,DIVING_GEAR,99540,20,,,,,99543,20,,,,,99541.5,16007
0,72800,DIVING_GEAR,99541,6,99540,14,,,99543,6,99544,14,,,99542,15995
0,72900,DIVING_GEAR,99529,21,,,,,99532,21,,,,,99530.5,17047
0,73000,DIVING_GEAR,99524,5,99523,20,,,99526,5,99527,20,,,99525,17569
0,73100,DIVING_GEAR,99516,20,,,,,99519,20,,,,,99517.5,18273
0,73200,DIVING_GEAR,99513,9,99512,20,,,99515,9,99516,20,,,99514,18566
0,73300,DIVING_GEAR,99513,18,,,,,99516,18,,,,,99514.5,18521
0,73400,DIVING_GEAR,99501,7,99500,19,,,99503,7,99504,19,,,99502,19689
0,73500,DIVING_GEAR,99503,21,,,,,99506,21,,,,,99504.5,19483
0,73600,DIVING_GEAR,99494,10,99493,10,,,99496,10,99497,10,,,99495,20383
0,73700,DIVING_GEAR,99497,3,99495,25,,,99498,25,,,,,99497.5,20207
0,73800,DIVING_GEAR,99495,8,99494,20,,,99497,8,99498,20,,,99496,20273
0,73900,DIVING_GEAR,99493,6,99492,18,,,99495,6,99496,18,,,99494,20460
0,74000,DIVING_GEAR,99492,25,,,,,99495,25,,,,,99493.5,20505
0,74100,DIVING_GEAR,99489,9,99488,14,,,99491,8,99492,14,,,99490,20828
0,74200,DIVING_GEAR,99485,19,,,,,99488,19,,,,,99486.5,21197
0,74300,DIVING_GEAR,99474,22,,,,,99477,22,,,,,99475.5,22223
0,74400,DIVING_GEAR,99474,19,,,,,99477,19,,,,,99475.5,22244
0,74500,DIVING_GEAR,99486,8,99485,17,,,99488,8,99489,17,,,99487,21100
0,74600,DIVING_GEAR,99498,21,,,,,99501,21,,,,,99499.5,19872
0,74700,DIVING_GEAR,99507,6,99506,16,,,99509,6,99510,16,,,99508,19053
0,74800,DIVING_GEAR,99511,8,99510,15,,,99513,8,99514,15,,,99512,18615
0,74900,DIVING_GEAR,99507,6,99506,17,,,99509,6,99510,17,,,99508,19036
0,75000,DIVING_GEAR,99516,9,99515,12,,,99518,9,99519,12,,,99517,18142
0,75100,DIVING_GEAR,99515,20,,,,,99518,20,,,,,99516.5,18178
0,75200,DIVING_GEAR,99515,9,99514,20,,,99517,9,99518,20,,,99516,18221
0,75300,DIVING_GEAR,99513,22,,,,,99516,22,,,,,99514.5,18403
0,75400,DIVING_GEAR,99514,10,99513,19,,,99516,10,99517,19,,,99515,18347
0,75500,DIVING_GEAR,99511,6,99510,15,,,99513,6,99514,15,,,99512,18621
0,75600,DIVING_GEAR,99510,28,,,,,99513,28,,,,,99511.5,18675
0,75700,DIVING_GEAR,99504,8,99503,10,,,99506,8,99507,10,,,99505,19355
0,75800,DIVING_GEAR,99501,25,,,,,99504,25,,,,,99502.5,19592
0,75900,DIVING_GEAR,99516,6,99515,11,,,99518,6,99519,11,,,99517,18149
0,76000,DIVING_GEAR,99515,29,,,,,99518,29,,,,,99516.5,18194
0,76100,DIVING_GEAR,99514,7,99513,18,,,99516,7,99517,18,,,99515,18345
0,76200,DIVING_GEAR,99517,5,99516,17,,,99519,5,99520,17,,,99518,18009
0,76300,DIVING_GEAR,99521,26,,,,,99524,26,,,,,99522.5,17562
0,76400,DIVING_GEAR,99514,24,,,,,99517,24,,,,,99515.5,18268
0,76500,DIVING_GEAR,99513,16,,,,,99516,16,,,,,99514.5,18400
0,76600,DIVING_GEAR,99519,5,99518,16,,,99521,5,99522,16,,,99520,17819
0,76700,DIVING_GEAR,99520,24,,,,,99523,24,,,,,99521.5,17649
0,76800,DIVING_GEAR,99521,24,,,,,99524,24,,,,,99522.5,17573
0,76900,DIVING_GEAR,99531,7,99530,13,,,99533,7,99534,13,,,99532,16589
0,77000,DIVING_GEAR,99527,9,99526,10,,,99529,9,99530,10,,,99528,17020
0,77100,DIVING_GEAR,99527,27,,,,,99530,27,,,,,99528.5,16968
0,77200,DIVING_GEAR,99524,7,99523,20,,,99526,9,99527,20,,,99525,17296
0,77300,DIVING_GEAR,99533,23,,,,,99536,23,,,,,99534.5,16334
0,77400,DIVING_GEAR,99521,25,,,,,99524,25,,,,,99522.5,17596
0,77500,DIVING_GEAR,99517,6,99516,12,,,99519,6,99520,12,,,99518,18030
0,77600,DIVING_GEAR,99513,19,,,,,99516,19,,,,,99514.5,18372
0,77700,DIVING_GEAR,99518,5,99517,14,,,99520,5,99521,14,,,99519,17944
0,77800,DIVING_GEAR,99521,23,,,,,99524,23,,,,,99522.5,17553
0,77900,DIVING_GEAR,99530,19,,,,,99533,19,,,,,99531.5,16654
0,78000,DIVING_GEAR,99522,1,99520,27,,,99523,27,,,,,99522.5,17671
0,78100,DIVING_GEAR,99525,17,,,,,99527,5,99528,10,,,99526,17189
0,78200,DIVING_GEAR,99523,26,,,,,99526,26,,,,,99524.5,17382
0,78300,DIVING_GEAR,99519,9,99518,13,,,99521,9,99522,13,,,99520,17821
0,78400,DIVING_GEAR,99522,23,,,,,99525,23,,,,,99523.5,17467
0,78500,DIVING_GEAR,99517,7,99516,12,,,99519,7,99520,12,,,99518,18074
0,78600,DIVING_GEAR,99504,9,99503,19,,,99506,9,99507,19,,,99505,19441
0,78700,DIVING_GEAR,99501,19,,,,,99504,19,,,,,99502.5,19686
0,78800,DIVING_GEAR,99492,7,99491,11,,,99494,7,99495,11,,,99493,20672
0,78900,DIVING_GEAR,99488,9,99487,12,,,99490,9,99491,12,,,99489,21101
0,79000,DIVING_GEAR,99490,28,,,,,99493,28,,,,,99491.5,20857
0,79100,DIVING_GEAR,99492,17,,,,,99494,6,99495,11,,,99493,20653
0,79200,DIVING_GEAR,99502,10,99501,19,,,99504,10,99505,19,,,99503,19600
0,79300,DIVING_GEAR,99501,5,99500,12,,,99503,5,99504,12,,,99502,19733
0,79400,DIVING_GEAR,99491,25,,,,,99494,25,,,,,99492.5,20753
0,79500,DIVING_GEAR,99486,23,,,,,99489,23,,,,,99487.5,21256
0,79600,DIVING_GEAR,99481,6,99480,16,,,99483,6,99484,16,,,99482,21868
0,79700,DIVING_GEAR,99473,10,99472,20,,,99475,10,99476,20,,,99474,22677
0,79800,DIVING_GEAR,99476,8,99475,16,,,99478,8,99479,16,,,99477,22389
0,79900,DIVING_GEAR,99473,1,99472,7,99471,12,99474,7,99475,12,,,99473.5,22819
0,80000,DIVING_GEAR,99459,26,,,,,99462,26,,,,,99460.5,24133
0,80100,DIVING_GEAR,99464,7,99463,11,,,99466,7,99467,11,,,99465,23671
0,80200,DIVING_GEAR,99463,9,99462,17,,,99465,9,99466,17,,,99464,23746
0,80300,DIVING_GEAR,99465,27,,,,,99468,27,,,,,99466.5,23510
0,80400,DIVING_GEAR,99466,7,99465,11,,,99468,7,99469,11,,,99467,23440
0,80500,DIVING_GEAR,99470,9,99469,12,,,99472,9,99473,12,,,99471,23022
0,80600,DIVING_GEAR,99470,7,99469,20,,,99472,7,99473,20,,,99471,22997
0,80700,DIVING_GEAR,99478,8,99477,14,,,99480,8,99481,14,,,99479,22177
0,80800,DIVING_GEAR,99480,21,,,,,99483,21,,,,,99481.5,21896
0,80900,DIVING_GEAR,99483,5,99482,13,,,99485,8,99486,13,,,99484,21633
0,81000,DIVING_GEAR,99485,25,,,,,99488,25,,,,,99486.5,21354
0,81100,DIVING_GEAR,99476,21,,,,,99479,21,,,,,99477.5,22350
0,81200,DIVING_GEAR,99475,16,,,,,99478,16,,,,,99476.5,22463
0,81300,DIVING_GEAR,99473,20,,,,,99476,20,,,,,99474.5,22641
0,81400,DIVING_GEAR,99475,7,99474,19,,,99477,7,99478,19,,,99476,22500
0,81500,DIVING_GEAR,99466,24,,,,,99469,24,,,,,99467.5,23429
0,81600,DIVING_GEAR,99476,22,,,,,99479,22,,,,,99477.5,22314
0,81700,DIVING_GEAR,99477,26,,,,,99480,26,,,,,99478.5,22244
0,81800,DIVING_GEAR,99470,9,99469,17,,,99472,9,99473,17,,,99471,23072
0,81900,DIVING_GEAR,99459,10,99458,20,,,99461,10,99462,20,,,99460,24240
0,82000,DIVING_GEAR,99457,26,,,,,99460,26,,,,,99458.5,24433
0,82100,DIVING_GEAR,99456,22,,,,,99459,22,,,,,99457.5,24497
0,82200,DIVING_GEAR,99452,6,99451,15,,,99454,6,99455,15,,,99453,24994
0,82300,DIVING_GEAR,99453,8,99452,19,,,99455,8,99456,19,,,99454,24931
0,82400,DIVING_GEAR,99449,9,99448,17,,,99451,26,,,,,99450,25374
0,82500,DIVING_GEAR,99452,6,99451,15,,,99454,6,99455,15,,,99453,24995
0,82600,DIVING_GEAR,99447,21,,,,,99450,21,,,,,99448.5,25495
0,82700,DIVING_GEAR,99447,25,,,,,99450,25,,,,,99448.5,25522
0,82800,DIVING_GEAR,99453,18,,,,,99456,18,,,,,99454.5,24849
0,82900,DIVING_GEAR,99469,24,,,,,99472,24,,,,,99470.5,23077
0,83000,DIVING_GEAR,99463,18,,,,,99466,18,,,,,99464.5,23773
0,83100,DIVING_GEAR,99460,25,,,,,99463,25,,,,,99461.5,24093
0,83200,DIVING_GEAR,99455,6,99454,12,,,99457,6,99458,12,,,99456,24673
0,83300,DIVING_GEAR,99460,9,99459,16,,,99462,9,99463,16,,,99461,24134
0,83400,DIVING_GEAR,99453,8,99452,14,,,99455,8,99456,14,,,99454,24926
0,83500,DIVING_GEAR,99450,9,99449,16,,,99452,9,99453,16,,,99451,25260
0,83600,DIVING_GEAR,99449,19,,,,,99452,19,,,,,99450.5,25282
0,83700,DIVING_GEAR,99443,23,,,,,99446,23,,,,,99444.5,25957
0,83800,DIVING_GEAR,99437,20,,,,,99440,20,,,,,99438.5,26617
0,83900,DIVING_GEAR,99434,19,,,,,99437,19,,,,,99435.5,26946
0,84000,DIVING_GEAR,99421,17,,,,,99424,17,,,,,99422.5,28394
0,84100,DIVING_GEAR,99412,5,99411,17,,,99414,5,99415,17,,,99413,29391
0,84200,DIVING_GEAR,99409,22,,,,,99412,22,,,,,99410.5,29677
0,84300,DIVING_GEAR,99410,25,,,,,99413,25,,,,,99411.5,29575
0,84400,DIVING_GEAR,99409,21,,,,,99412,21,,,,,99410.5,29704
0,84500,DIVING_GEAR,99398,22,,,,,99401,25,,,,,99399.5,30923
0,84600,DIVING_GEAR,99395,25,,,,,99398,25,,,,,99396.5,31252
0,84700,DIVING_GEAR,99400,28,,,,,99403,28,,,,,99401.5,30688
0,84800,DIVING_GEAR,99404,6,99403,13,,,99406,6,99407,13,,,99405,30295
0,84900,DIVING_GEAR,99403,18,,,,,99406,18,,,,,99404.5,30352
0,85000,DIVING_GEAR,99398,6,99397,14,,,99400,20,,,,,99399,30981
0,85100,DIVING_GEAR,99401,18,,,,,99404,18,,,,,99402.5,30536
0,85200,DIVING_GEAR,99398,9,99397,15,,,99400,9,99401,15,,,99399,30946
0,85300,DIVING_GEAR,99390,22,,,,,99393,22,,,,,99391.5,31780
0,85400,DIVING_GEAR,99385,26,,,,,99388,26,,,,,99386.5,32354
0,85500,DIVING_GEAR,99395,10,99394,17,,,99397,10,99398,17,,,99396,31321
0,85600,DIVING_GEAR,99396,6,99395,19,,,99398,6,99399,19,,,99397,31165
0,85700,DIVING_GEAR,99403,24,,,,,99406,24,,,,,99404.5,30338
0,85800,DIVING_GEAR,99402,1,99400,20,,,99403,20,,,,,99402.5,30681
0,85900,DIVING_GEAR,99406,17,,,,,99408,5,99409,12,,,99407,30007
0,86000,DIVING_GEAR,99402,22,,,,,99405,22,,,,,99403.5,30441
0,86100,DIVING_GEAR,99401,25,,,,,99404,25,,,,,99402.5,30556
0,86200,DIVING_GEAR,99417,10,99416,10,,,99419,10,99420,10,,,99418,28767
0,86300,DIVING_GEAR,99422,6,99421,19,,,99424,6,99425,19,,,99423,28209
0,86400,DIVING_GEAR,99418,21,,,,,99421,21,,,,,99419.5,28574
0,86500,DIVING_GEAR,99418,5,99417,10,,,99420,5,99421,10,,,99419,28637
0,86600,DIVING_GEAR,99420,10,99419,13,,,99422,10,99423,13,,,99421,28400
0,86700,DIVING_GEAR,99428,6,99427,15,,,99430,21,,,,,99429,27522
0,86800,DIVING_GEAR,99424,16,,,,,99427,16,,,,,99425.5,27878
0,86900,DIVING_GEAR,99414,5,99413,10,,,99416,5,99417,10,,,99415,29144
0,87000,DIVING_GEAR,99412,6,99411,14,,,99414,6,99415,14,,,99413,29348
0,87100,DIVING_GEAR,99412,6,99411,11,,,99414,6,99415,11,,,99413,29338
0,87200,DIVING_GEAR,99413,5,99412,16,,,99415,5,99416,16,,,99414,29259
0,87300,DIVING_GEAR,99421,5,99420,14,,,99423,5,99424,14,,,99422,28304
0,87400,DIVING_GEAR,99423,5,99422,10,,,99425,5,99426,10,,,99424,28075
0,87500,DIVING_GEAR,99428,7,99427,10,,,99430,7,99431,10,,,99429,27485
0,87600,DIVING_GEAR,99421,6,99420,19,,,99423,6,99424,19,,,99422,28286
0,87700,DIVING_GEAR,99426,20,,,,,99429,20,,,,,99427.5,27657
0,87800,DIVING_GEAR,99439,25,,,,,99442,25,,,,,99440.5,26135
0,87900,DIVING_GEAR,99444,25,,,,,99447,25,,,,,99445.5,25574
0,88000,DIVING_GEAR,99446,8,99445,18,,,99448,8,99449,18,,,99447,25391
0,88100,DIVING_GEAR,99447,8,99446,14,,,99449,8,99450,14,,,99448,25280
0,88200,DIVING_GEAR,99458,18,,,,,99461,18,,,,,99459.5,23981
0,88300,DIVING_GEAR,99452,20,,,,,99455,20,,,,,99453.5,24661
0,88400,DIVING_GEAR,99452,6,99451,16,,,99454,22,,,,,99453,24743
0,88500,DIVING_GEAR,99454,29,,,,,99457,29,,,,,99455.5,24407
0,88600,DIVING_GEAR,99459,28,,,,,99462,28,,,,,99460.5,23863
0,88700,DIVING_GEAR,99456,23,,,,,99459,23,,,,,99457.5,24184
0,88800,DIVING_GEAR,99458,21,,,,,99461,21,,,,,99459.5,23960
0,88900,DIVING_GEAR,99456,28,,,,,99459,28,,,,,99457.5,24165
0,89000,DIVING_GEAR,99457,28,,,,,99460,28,,,,,99458.5,24077
0,89100,DIVING_GEAR,99456,15,,,,,99459,15,,,,,99457.5,24175
0,89200,DIVING_GEAR,99449,26,,,,,99452,26,,,,,99450.5,25013
0,89300,DIVING_GEAR,99449,23,,,,,99452,23,,,,,99450.5,25029
0,89400,DIVING_GEAR,99455,6,99454,18,,,99457,6,99458,18,,,99456,24388
0,89500,DIVING_GEAR,99448,18,,,,,99451,18,,,,,99449.5,25097
0,89600,DIVING_GEAR,99447,6,99446,18,,,99449,6,99450,18,,,99448,25275
0,89700,DIVING_GEAR,99451,24,,,,,99454,24,,,,,99452.5,24788
0,89800,DIVING_GEAR,99444,27,,,,,99447,27,,,,,99445.5,25573
0,89900,DIVING_GEAR,99446,7,99445,18,,,99448,7,99449,18,,,99447,25441
0,90000,DIVING_GEAR,99439,10,99438,14,,,99441,10,99442,14,,,99440,26219
0,90100,DIVING_GEAR,99446,19,,,,,99448,7,99449,12,,,99447,25388
0,90200,DIVING_GEAR,99460,22,,,,,99463,22,,,,,99461.5,23694
0,90300,DIVING_GEAR,99473,28,,,,,99476,28,,,,,99474.5,22212
0,90400,DIVING_GEAR,99472,8,99471,10,,,99474,8,99475,10,,,99473,22374
0,90500,DIVING_GEAR,99476,17,,,,,99479,17,,,,,99477.5,21832
0,90600,DIVING_GEAR,99477,19,,,,,99480,19,,,,,99478.5,21744
0,90700,DIVING_GEAR,99478,8,99477,18,,,99480,8,99481,18,,,99479,21670
0,90800,DIVING_GEAR,99487,19,,,,,99490,19,,,,,99488.5,20537
0,90900,DIVING_GEAR,99479,21,,,,,99482,21,,,,,99480.5,21505
0,91000,DIVING_GEAR,99486,5,99485,18,,,99488,5,99489,18,,,99487,20732
0,91100,DIVING_GEAR,99485,30,,,,,99488,30,,,,,99486.5,20769
0,91200,DIVING_GEAR,99494,26,,,,,99497,26,,,,,99495.5,19737
0,91300,DIVING_GEAR,99495,21,,,,,99498,21,,,,,99496.5,19601
0,91400,DIVING_GEAR,99491,29,,,,,99494,29,,,,,99492.5,20095
0,91500,DIVING_GEAR,99493,9,99492,13,,,99495,9,99496,13,,,99494,19892
0,91600,DIVING_GEAR,99498,5,99497,16,,,99500,5,99501,16,,,99499,19354
0,91700,DIVING_GEAR,99498,7,99497,19,,,99500,7,99501,19,,,99499,19331
0,91800,DIVING_GEAR,99501,9,99500,11,,,99503,9,99504,11,,,99502,18966
0,91900,DIVING_GEAR,99498,9,99497,14,,,99500,9,99501,14,,,99499,19358
0,92000,DIVING_GEAR,99484,23,,,,,99487,23,,,,,99485.5,20964
0,92100,DIVING_GEAR,99490,7,99489,13,,,99492,7,99493,13,,,99491,20288
0,92200,DIVING_GEAR,99494,21,,,,,99497,21,,,,,99495.5,19764
0,92300,DIVING_GEAR,99495,24,,,,,99498,24,,,,,99496.5,19654
0,92400,DIVING_GEAR,99496,10,99495,11,,,99498,10,99499,11,,,99497,19600
0,92500,DIVING_GEAR,99502,18,,,,,99505,18,,,,,99503.5,18809
0,92600,DIVING_GEAR,99499,21,,,,,99502,21,,,,,99500.5,19158
0,92700,DIVING_GEAR,99495,8,99494,17,,,99497,8,99498,17,,,99496,19700
0,92800,DIVING_GEAR,99494,5,99493,11,,,99496,16,,,,,99495,19846
0,92900,DIVING_GEAR,99501,10,99500,18,,,99503,10,99504,18,,,99502,18937
0,93000,DIVING_GEAR,99492,18,,,,,99495,18,,,,,99493.5,19999
0,93100,DIVING_GEAR,99500,7,99499,20,,,99502,7,99503,20,,,99501,19089
0,93200,DIVING_GEAR,99496,10,99495,18,,,99498,10,99499,18,,,99497,19578
0,93300,DIVING_GEAR,99489,8,99488,18,,,99491,8,99492,18,,,99490,20421
0,93400,DIVING_GEAR,99498,2,99497,6,99496,14,99499,6,99500,14,,,99498.5,19459
0,93500,DIVING_GEAR,99496,22,,,,,99499,22,,,,,99497.5,19536
0,93600,DIVING_GEAR,99488,9,99487,20,,,99490,9,99491,20,,,99489,20539
0,93700,DIVING_GEAR,99487,1,99486,8,99485,11,99488,8,99489,11,,,99487.5,20816
0,93800,DIVING_GEAR,99491,28,,,,,99494,28,,,,,99492.5,20100
0,93900,DIVING_GEAR,99499,5,99498,13,,,99501,5,99502,13,,,99500,19181
0,94000,DIVING_GEAR,99496,25,,,,,99499,25,,,,,99497.5,19512
0,94100,DIVING_GEAR,99499,7,99498,10,,,99501,7,99502,10,,,99500,19199
0,94200,DIVING_GEAR,99503,23,,,,,99506,23,,,,,99504.5,18644
0,94300,DIVING_GEAR,99499,24,,,,,99502,24,,,,,99500.5,19147
0,94400,DIVING_GEAR,99501,25,,,,,99504,25,,,,,99502.5,18872
0,94500,DIVING_GEAR,99501,25,,,,,99504,25,,,,,99502.5,18897
0,94600,DIVING_GEAR,99498,10,99497,11,,,99500,10,99501,11,,,99499,19315
0,94700,DIVING_GEAR,99495,8,99494,16,,,99497,8,99498,16,,,99496,19698
0,94800,DIVING_GEAR,99495,21,,,,,99498,21,,,,,99496.5,19648
0,94900,DIVING_GEAR,99495,26,,,,,99498,26,,,,,99496.5,19625
0,95000,DIVING_GEAR,99492,10,99491,16,,,99494,10,99495,16,,,99493,20066
0,95100,DIVING_GEAR,99489,25,,,,,99492,25,,,,,99490.5,20398
0,95200,DIVING_GEAR,99496,18,,,,,99499,18,,,,,99497.5,19533
0,95300,DIVING_GEAR,99497,26,,,,,99500,26,,,,,99498.5,19369
0,95400,DIVING_GEAR,99503,10,99502,11,,,99505,10,99506,11,,,99504,18682
0,95500,DIVING_GEAR,99510,22,,,,,99513,22,,,,,99511.5,17748
0,95600,DIVING_GEAR,99516,3,99514,17,,,99517,17,,,,,99516.5,17292
0,95700,DIVING_GEAR,99530,1,99528,28,,,99531,28,,,,,99530.5,15515
0,95800,DIVING_GEAR,99523,18,,,,,99526,18,,,,,99524.5,16168
0,95900,DIVING_GEAR,99528,25,,,,,99531,25,,,,,99529.5,15530
0,96000,DIVING_GEAR,99526,25,,,,,99529,25,,,,,99527.5,15783
0,96100,DIVING_GEAR,99538,5,99537,17,,,99540,5,99541,17,,,99539,14318
0,96200,DIVING_GEAR,99549,5,99548,11,,,99551,5,99552,11,,,99550,12952
0,96300,DIVING_GEAR,99538,1,99536,27,,,99539,27,,,,,99538.5,14521
0,96400,DIVING_GEAR,99530,27,,,,,99533,27,,,,,99531.5,15300
0,96500,DIVING_GEAR,99534,28,,,,,99537,28,,,,,99535.5,14768
0,96600,DIVING_GEAR,99539,20,,,,,99542,20,,,,,99540.5,14135
0,96700,DIVING_GEAR,99544,8,99543,15,,,99546,8,99547,15,,,99545,13545
0,96800,DIVING_GEAR,99543,21,,,,,99546,21,,,,,99544.5,13603
0,96900,DIVING_GEAR,99546,24,,,,,99549,24,,,,,99547.5,13239
0,97000,DIVING_GEAR,99550,25,,,,,99553,25,,,,,99551.5,12715
0,97100,DIVING_GEAR,99550,5,99549,17,,,99552,5,99553,17,,,99551,12779
0,97200,DIVING_GEAR,99556,18,,,,,99559,18,,,,,99557.5,11955
0,97300,DIVING_GEAR,99542,22,,,,,99545,22,,,,,99543.5,13770
0,97400,DIVING_GEAR,99546,26,,,,,99549,26,,,,,99547.5,13258
0,97500,DIVING_GEAR,99540,9,99539,18,,,99542,9,99543,18,,,99541,14119
0,97600,DIVING_GEAR,99546,10,99545,10,,,99548,10,99549,10,,,99547,13326
0,97700,DIVING_GEAR,99544,23,,,,,99547,23,,,,,99545.5,13517
0,97800,DIVING_GEAR,99539,8,99538,15,,,99541,8,99542,15,,,99540,14254
0,97900,DIVING_GEAR,99541,8,99540,18,,,99543,8,99544,18,,,99542,13945
0,98000,DIVING_GEAR,99535,19,,,,,99538,19,,,,,99536.5,14701
0,98100,DIVING_GEAR,99530,8,99529,12,,,99532,20,,,,,99531,15457
0,98200,DIVING_GEAR,99520,10,99519,16,,,99522,10,99523,16,,,99521,16755
0,98300,DIVING_GEAR,99519,27,,,,,99522,27,,,,,99520.5,16779
0,98400,DIVING_GEAR,99523,5,99522,12,,,99525,5,99526,12,,,99524,16369
0,98500,DIVING_GEAR,99529,23,,,,,99531,8,99532,15,,,99530,15523
0,98600,DIVING_GEAR,99528,24,,,,,99531,24,,,,,99529.5,15642
0,98700,DIVING_GEAR,99535,6,99534,19,,,99537,6,99538,19,,,99536,14775
0,98800,DIVING_GEAR,99535,9,99534,15,,,99537,9,99538,15,,,99536,14762
0,98900,DIVING_GEAR,99534,23,,,,,99537,23,,,,,99535.5,14840
0,99000,DIVING_GEAR,99538,7,99537,19,,,99540,7,99541,19,,,99539,14366
0,99100,DIVING_GEAR,99544,25,,,,,99547,25,,,,,99545.5,13491
0,99200,DIVING_GEAR,99542,23,,,,,99545,23,,,,,99543.5,13775
0,99300,DIVING_GEAR,99541,7,99540,18,,,99543,7,99544,18,,,99542,13978
0,99400,DIVING_GEAR,99540,10,99539,20,,,99542,10,99543,20,,,99541,14112
0,99500,DIVING_GEAR,99540,22,,,,,99543,22,,,,,99541.5,14044
0,99600,DIVING_GEAR,99535,8,99534,13,,,99537,8,99538,13,,,99536,14812
0,99700,DIVING_GEAR,99541,6,99540,14,,,99543,6,99544,14,,,99542,13943
0,99800,DIVING_GEAR,99538,25,,,,,99541,25,,,,,99539.5,14284
0,99900,DIVING_GEAR,99541,20,,,,,99544,20,,,,,99542.5,13893
0,100000,DIVING_GEAR,99536,28,,,,,99539,28,,,,,99537.5,14593
0,100100,DIVING_GEAR,99538,24,,,,,99541,24,,,,,99539.5,14290
0,100200,DIVING_GEAR,99541,6,99540,16,,,99543,6,99544,16,,,99542,13960
0,100300,DIVING_GEAR,99538,19,,,,,99541,19,,,,,99539.5,14319
0,100400,DIVING_GEAR,99551,7,99550,10,,,99553,7,99554,10,,,99552,12597
0,100500,DIVING_GEAR,99553,17,,,,,99556,17,,,,,99554.5,12281
0,100600,DIVING_GEAR,99564,21,,,,,99567,21,,,,,99565.5,10766
0,100700,DIVING_GEAR,99570,20,,,,,99573,20,,,,,99571.5,9949
0,100800,DIVING_GEAR,99566,21,,,,,99569,21,,,,,99567.5,10516
0,100900,DIVING_GEAR,99564,10,99563,13,,,99566,10,99567,13,,,99565,10843
0,101000,DIVING_GEAR,99567,2,99566,19,,,99569,24,,,,,99568,10470
0,101100,DIVING_GEAR,99567,7,99566,20,,,99569,7,99570,20,,,99568,10418
0,101200,DIVING_GEAR,99567,25,,,,,99570,25,,,,,99568.5,10374
0,101300,DIVING_GEAR,99565,21,,,,,99568,21,,,,,99566.5,10626
0,101400,DIVING_GEAR,99554,16,,,,,99557,16,,,,,99555.5,12216
0,101500,DIVING_GEAR,99553,10,99552,11,,,99555,10,99556,11,,,99554,12415
0,101600,DIVING_GEAR,99539,9,99538,19,,,99541,9,99542,19,,,99540,14364
0,101700,DIVING_GEAR,99541,26,,,,,99544,26,,,,,99542.5,14038
0,101800,DIVING_GEAR,99536,21,,,,,99539,21,,,,,99537.5,14677
0,101900,DIVING_GEAR,99532,10,99531,15,,,99534,10,99535,15,,,99533,15306
0,102000,DIVING_GEAR,99531,6,99530,19,,,99533,6,99534,19,,,99532,15499
0,102100,DIVING_GEAR,99532,15,,,,,99535,15,,,,,99533.5,15262
0,102200,DIVING_GEAR,99523,28,,,,,99526,28,,,,,99524.5,16520
0,102300,DIVING_GEAR,99514,3,99512,17,,,99515,17,,,,,99514.5,18055
0,102400,DIVING_GEAR,99506,9,99505,11,,,99508,9,99509,11,,,99507,18992
0,102500,DIVING_GEAR,99493,7,99492,15,,,99495,7,99496,15,,,99494,20785
0,102600,DIVING_GEAR,99487,9,99486,12,,,99489,9,99490,12,,,99488,21634
0,102700,DIVING_GEAR,99497,9,99496,11,,,99499,9,99500,11,,,99498,20239
0,102800,DIVING_GEAR,99490,25,,,,,99493,25,,,,,99491.5,21168
0,102900,DIVING_GEAR,99494,26,,,,,99497,26,,,,,99495.5,20597
0,103000,DIVING_GEAR,99486,9,99485,16,,,99488,9,99489,16,,,99487,21823
0,103100,DIVING_GEAR,99487,21,,,,,99490,21,,,,,99488.5,21558
0,103200,DIVING_GEAR,99485,28,,,,,99488,28,,,,,99486.5,21843
0,103300,DIVING_GEAR,99485,21,,,,,99488,21,,,,,99486.5,21897
0,103400,DIVING_GEAR,99489,8,99488,17,,,99491,8,99492,17,,,99490,21392
0,103500,DIVING_GEAR,99500,6,99499,15,,,99502,6,99503,15,,,99501,19830
0,103600,DIVING_GEAR,99501,9,99500,14,,,99503,9,99504,14,,,99502,19658
0,103700,DIVING_GEAR,99502,9,99501,13,,,99504,9,99505,13,,,99503,19549
0,103800,DIVING_GEAR,99495,24,,,,,99498,24,,,,,99496.5,20422
0,103900,DIVING_GEAR,99499,24,,,,,99502,24,,,,,99500.5,19901
0,104000,DIVING_GEAR,99498,9,99497,17,,,99500,9,99501,17,,,99499,20123
0,104100,DIVING_GEAR,99503,7,99502,10,,,99505,7,99506,10,,,99504,19378
0,104200,DIVING_GEAR,99502,23,,,,,99505,23,,,,,99503.5,19419
0,104300,DIVING_GEAR,99513,28,,,,,99516,28,,,,,99514.5,17860
0,104400,DIVING_GEAR,99501,10,99500,19,,,99503,10,99504,19,,,99502,19638
0,104500,DIVING_GEAR,99499,28,,,,,99502,28,,,,,99500.5,19905
0,104600,DIVING_GEAR,99505,10,99504,19,,,99507,10,99508,19,,,99506,19116
0,104700,DIVING_GEAR,99502,27,,,,,99505,27,,,,,99503.5,19432
0,104800,DIVING_GEAR,99497,20,,,,,99500,20,,,,,99498.5,20143
0,104900,DIVING_GEAR,99496,5,99495,15,,,99498,5,99499,15,,,99497,20382
0,105000,DIVING_GEAR,99487,21,,,,,99490,21,,,,,99488.5,21620
0,105100,DIVING_GEAR,99488,10,99487,19,,,99490,10,99491,19,,,99489,21515
0,105200,DIVING_GEAR,99503,22,,,,,99506,22,,,,,99504.5,19329
0,105300,DIVING_GEAR,99510,24,,,,,99513,24,,,,,99511.5,18303
0,105400,DIVING_GEAR,99503,22,,,,,99506,22,,,,,99504.5,19299
0,105500,DIVING_GEAR,99498,10,99497,17,,,99500,10,99501,17,,,99499,20083
0,105600,DIVING_GEAR,99495,16,,,,,99498,16,,,,,99496.5,20447
0,105700,DIVING_GEAR,99502,6,99501,15,,,99504,6,99505,15,,,99503,19548
0,105800,DIVING_GEAR,99496,28,,,,,99499,28,,,,,99497.5,20285
0,105900,DIVING_GEAR,99492,16,,,,,99495,16,,,,,99493.5,20905
0,106000,DIVING_GEAR,99498,9,99497,19,,,99500,9,99501,19,,,99499,20113
0,106100,DIVING_GEAR,99503,19,,,,,99506,20,,,,,99504.5,19330
0,106200,DIVING_GEAR,99501,8,99500,16,,,99503,8,99504,16,,,99502,19673
0,106300,DIVING_GEAR,99494,6,99493,12,,,99496,6,99497,12,,,99495,20697
0,106400,DIVING_GEAR,99484,10,99483,11,,,99486,10,99487,11,,,99485,22117
0,106500,DIVING_GEAR,99480,8,99479,17,,,99482,8,99483,17,,,99481,22757
0,106600,DIVING_GEAR,99466,10,99465,13,,,99468,10,99469,13,,,99467,24799
0,106700,DIVING_GEAR,99470,21,,,,,99473,21,,,,,99471.5,24114
0,106800,DIVING_GEAR,99466,24,,,,,99469,24,,,,,99467.5,24697
0,106900,DIVING_GEAR,99469,22,,,,,99472,22,,,,,99470.5,24252
0,107000,DIVING_GEAR,99481,20,,,,,99484,20,,,,,99482.5,22520
0,107100,DIVING_GEAR,99488,24,,,,,99491,24,,,,,99489.5,21424
0,107200,DIVING_GEAR,99481,22,,,,,99484,22,,,,,99482.5,22501
0,107300,DIVING_GEAR,99487,7,99486,10,,,99489,7,99490,10,,,99488,21691
0,107400,DIVING_GEAR,99494,6,99493,15,,,99496,6,99497,15,,,99495,20611
0,107500,DIVING_GEAR,99489,19,,,,,99492,19,,,,,99490.5,21309
0,107600,DIVING_GEAR,99483,25,,,,,99486,25,,,,,99484.5,22200
0,107700,DIVING_GEAR,99482,27,,,,,99485,27,,,,,99483.5,22303
0,107800,DIVING_GEAR,99472,17,,,,,99475,17,,,,,99473.5,23800
0,107900,DIVING_GEAR,99482,8,99481,15,,,99484,8,99485,15,,,99483,22428
0,108000,DIVING_GEAR,99467,10,99466,17,,,99469,10,99470,17,,,99468,24676
0,108100,DIVING_GEAR,99460,5,99459,20,,,99462,5,99463,20,,,99461,25709
0,108200,DIVING_GEAR,99458,7,99457,12,,,99460,7,99461,12,,,99459,25963
0,108300,DIVING_GEAR,99456,21,,,,,99459,21,,,,,99457.5,26176
0,108400,DIVING_GEAR,99457,23,,,,,99460,23,,,,,99458.5,26022
0,108500,DIVING_GEAR,99459,19,,,,,99462,19,,,,,99460.5,25770
0,108600,DIVING_GEAR,99458,9,99457,10,,,99460,9,99461,10,,,99459,25970
0,108700,DIVING_GEAR,99465,6,99464,11,,,99467,6,99468,11,,,99466,24911
0,108800,DIVING_GEAR,99452,9,99451,15,,,99454,9,99455,15,,,99453,26909
0,108900,DIVING_GEAR,99452,5,99451,17,,,99454,5,99455,17,,,99453,26911
0,109000,DIVING_GEAR,99447,16,,,,,99450,16,,,,,99448.5,27579
0,109100,DIVING_GEAR,99448,6,99447,11,,,99450,6,99451,11,,,99449,27457
0,109200,DIVING_GEAR,99449,17,,,,,99452,17,,,,,99450.5,27252
0,109300,DIVING_GEAR,99444,6,99443,12,,,99446,6,99447,12,,,99445,28104
0,109400,DIVING_GEAR,99440,10,99439,17,,,99442,27,,,,,99441,28703
0,109500,DIVING_GEAR,99444,25,,,,,99447,25,,,,,99445.5,27964
0,109600,DIVING_GEAR,99447,8,99446,15,,,99449,8,99450,15,,,99448,27640
0,109700,DIVING_GEAR,99442,17,,,,,99445,17,,,,,99443.5,28276
0,109800,DIVING_GEAR,99455,19,,,,,99458,19,,,,,99456.5,26373
0,109900,DIVING_GEAR,99470,10,99469,16,,,99472,10,99473,16,,,99471,24218
0,110000,DIVING_GEAR,99460,26,,,,,99463,26,,,,,99461.5,25585
0,110100,DIVING_GEAR,99462,23,,,,,99465,23,,,,,99463.5,25304
0,110200,DIVING_GEAR,99478,23,,,,,99481,23,,,,,99479.5,22963
0,110300,DIVING_GEAR,99483,8,99482,15,,,99485,8,99486,15,,,99484,22232
0,110400,DIVING_GEAR,99484,19,,,,,99487,19,,,,,99485.5,22027
0,110500,DIVING_GEAR,99483,21,,,,,99485,7,99486,14,,,99484,22223
0,110600,DIVING_GEAR,99480,7,99479,16,,,99482,7,99483,16,,,99481,22729
0,110700,DIVING_GEAR,99478,21,,,,,99481,21,,,,,99479.5,22929
0,110800,DIVING_GEAR,99475,10,99474,19,,,99477,10,99478,19,,,99476,23445
0,110900,DIVING_GEAR,99479,23,,,,,99482,23,,,,,99480.5,22750
0,111000,DIVING_GEAR,99477,9,99476,18,,,99479,9,99480,18,,,99478,23124
0,111100,DIVING_GEAR,99474,19,,,,,99477,19,,,,,99475.5,23537
0,111200,DIVING_GEAR,99467,5,99466,15,,,99469,5,99470,15,,,99468,24660
0,111300,DIVING_GEAR,99466,17,,,,,99469,17,,,,,99467.5,24708
0,111400,DIVING_GEAR,99461,7,99460,11,,,99463,7,99464,11,,,99462,25544
0,111500,DIVING_GEAR,99460,9,99459,11,,,99462,9,99463,11,,,99461,25714
0,111600,DIVING_GEAR,99466,28,,,,,99469,28,,,,,99467.5,24742
0,111700,DIVING_GEAR,99468,28,,,,,99471,28,,,,,99469.5,24402
0,111800,DIVING_GEAR,99472,7,99471,12,,,99474,7,99475,12,,,99473,23932
0,111900,DIVING_GEAR,99474,8,99473,17,,,99476,8,99477,17,,,99475,23601
0,112000,DIVING_GEAR,99474,26,,,,,99477,26,,,,,99475.5,23546
0,112100,DIVING_GEAR,99473,28,,,,,99476,28,,,,,99474.5,23666
0,112200,DIVING_GEAR,99471,20,,,,,99474,20,,,,,99472.5,23955
0,112300,DIVING_GEAR,99476,28,,,,,99479,28,,,,,99477.5,23247
0,112400,DIVING_GEAR,99469,15,,,,,99472,15,,,,,99470.5,24261
0,112500,DIVING_GEAR,99478,9,99477,16,,,99480,9,99481,16,,,99479,23011
0,112600,DIVING_GEAR,99478,6,99477,19,,,99480,6,99481,19,,,99479,22982
0,112700,DIVING_GEAR,99473,15,,,,,99476,15,,,,,99474.5,23691
0,112800,DIVING_GEAR,99470,26,,,,,99473,27,,,,,99471.5,24155
0,112900,DIVING_GEAR,99466,7,99465,13,,,99468,7,99469,13,,,99467,24801
0,113000,DIVING_GEAR,99467,5,99466,20,,,99469,5,99470,20,,,99468,24649
0,113100,DIVING_GEAR,99462,27,,,,,99465,27,,,,,99463.5,25334
0,113200,DIVING_GEAR,99470,7,99469,20,,,99472,7,99473,20,,,99471,24247
0,113300,DIVING_GEAR,99465,10,99464,18,,,99467,10,99468,18,,,99466,25012
0,113400,DIVING_GEAR,99450,22,,,,,99453,22,,,,,99451.5,27236
0,113500,DIVING_GEAR,99446,6,99445,12,,,99448,6,99449,12,,,99447,27951
0,113600,DIVING_GEAR,99433,26,,,,,99436,26,,,,,99434.5,29915
0,113700,DIVING_GEAR,99433,6,99432,19,,,99435,6,99436,19,,,99434,29955
0,113800,DIVING_GEAR,99440,10,99439,18,,,99442,10,99443,18,,,99441,28921
0,113900,DIVING_GEAR,99444,6,99443,10,,,99446,6,99447,10,,,99445,28290
0,114000,DIVING_GEAR,99435,25,,,,,99438,25,,,,,99436.5,29598
0,114100,DIVING_GEAR,99430,25,,,,,99433,25,,,,,99431.5,30345
0,114200,DIVING_GEAR,99442,7,99441,12,,,99444,7,99445,12,,,99443,28608
0,114300,DIVING_GEAR,99444,10,99443,11,,,99446,10,99447,11,,,99445,28297
0,114400,DIVING_GEAR,99444,10,99443,12,,,99446,10,99447,12,,,99445,28295
0,114500,DIVING_GEAR,99450,20,,,,,99453,20,,,,,99451.5,27247
0,114600,DIVING_GEAR,99466,6,99465,17,,,99468,6,99469,17,,,99467,24805
0,114700,DIVING_GEAR,99474,9,99473,17,,,99476,9,99477,17,,,99475,23515
0,114800,DIVING_GEAR,99475,5,99474,14,,,99477,5,99478,14,,,99476,23378
0,114900,DIVING_GEAR,99477,5,99476,10,,,99479,5,99480,10,,,99478,23025
0,115000,DIVING_GEAR,99481,10,99480,13,,,99483,10,99484,13,,,99482,22412
0,115100,DIVING_GEAR,99477,7,99476,13,,,99479,7,99480,13,,,99478,23024
0,115200,DIVING_GEAR,99470,24,,,,,99473,24,,,,,99471.5,24080
0,115300,DIVING_GEAR,99470,17,,,,,99473,17,,,,,99471.5,24029
0,115400,DIVING_GEAR,99464,25,,,,,99467,25,,,,,99465.5,24974
0,115500,DIVING_GEAR,99464,22,,,,,99467,22,,,,,99465.5,25036
0,115600,DIVING_GEAR,99465,7,99464,17,,,99467,7,99468,17,,,99466,24942
0,115700,DIVING_GEAR,99479,28,,,,,99482,28,,,,,99480.5,22612
0,115800,DIVING_GEAR,99474,18,,,,,99477,18,,,,,99475.5,23460
0,115900,DIVING_GEAR,99473,19,,,,,99476,19,,,,,99474.5,23583
0,116000,DIVING_GEAR,99472,25,,,,,99475,25,,,,,99473.5,23748
0,116100,DIVING_GEAR,99475,8,99474,13,,,99477,8,99478,13,,,99476,23313
0,116200,DIVING_GEAR,99481,20,,,,,99484,20,,,,,99482.5,22272
0,116300,DIVING_GEAR,99478,17,,,,,99481,17,,,,,99479.5,22762
0,116400,DIVING_GEAR,99473,28,,,,,99476,28,,,,,99474.5,23582
0,116500,DIVING_GEAR,99463,5,99462,10,,,99465,5,99466,10,,,99464,25218
0,116600,DIVING_GEAR,99457,23,,,,,99460,23,,,,,99458.5,26142
0,116700,DIVING_GEAR,99460,25,,,,,99463,25,,,,,99461.5,25609
0,116800,DIVING_GEAR,99461,5,99460,18,,,99463,5,99464,18,,,99462,25564
0,116900,DIVING_GEAR,99454,24,,,,,99457,24,,,,,99455.5,26577
0,117000,DIVING_GEAR,99452,29,,,,,99455,29,,,,,99453.5,26949
0,117100,DIVING_GEAR,99452,19,,,,,99455,19,,,,,99453.5,26920
0,117200,DIVING_GEAR,99455,17,,,,,99458,17,,,,,99456.5,26419
0,117300,DIVING_GEAR,99452,5,99451,13,,,99454,5,99455,13,,,99453,27011
0,117400,DIVING_GEAR,99450,26,,,,,99453,26,,,,,99451.5,27262
0,117500,DIVING_GEAR,99439,9,99438,19,,,99441,9,99442,19,,,99440,29075
0,117600,DIVING_GEAR,99431,24,,,,,99434,24,,,,,99432.5,30224
0,117700,DIVING_GEAR,99442,7,99441,15,,,99444,7,99445,15,,,99443,28614
0,117800,DIVING_GEAR,99428,8,99427,11,,,99430,8,99431,11,,,99429,30794
0,117900,DIVING_GEAR,99426,8,99425,14,,,99428,5,99429,14,,,99427,31135
0,118000,DIVING_GEAR,99427,20,,,,,99430,20,,,,,99428.5,30913
0,118100,DIVING_GEAR,99425,8,99424,11,,,99427,6,99428,11,,,99426,31296
0,118200,DIVING_GEAR,99420,8,99419,14,,,99422,8,99423,14,,,99421,32128
0,118300,DIVING_GEAR,99419,16,,,,,99422,16,,,,,99420.5,32192
0,118400,DIVING_GEAR,99419,25,,,,,99422,25,,,,,99420.5,32198
0,118500,DIVING_GEAR,99419,5,99418,12,,,99421,5,99422,12,,,99420,32284
0,118600,DIVING_GEAR,99407,6,99406,13,,,99409,6,99410,13,,,99408,34215
0,118700,DIVING_GEAR,99406,22,,,,,99409,22,,,,,99407.5,34367
0,118800,DIVING_GEAR,99401,9,99400,14,,,99403,9,99404,14,,,99402,35246
0,118900,DIVING_GEAR,99397,16,,,,,99400,16,,,,,99398.5,35810
0,119000,DIVING_GEAR,99400,2,99399,6,99398,13,99401,6,99402,13,,,99400.5,35578
0,119100,DIVING_GEAR,99403,10,99402,15,,,99405,10,99406,15,,,99404,34922
0,119200,DIVING_GEAR,99408,25,,,,,99411,25,,,,,99409.5,34002
0,119300,DIVING_GEAR,99405,24,,,,,99408,24,,,,,99406.5,34513
0,119400,DIVING_GEAR,99411,8,99410,18,,,99413,8,99414,18,,,99412,33567
0,119500,DIVING_GEAR,99418,26,,,,,99421,26,,,,,99419.5,32362
0,119600,DIVING_GEAR,99425,27,,,,,99428,27,,,,,99426.5,31196
0,119700,DIVING_GEAR,99434,18,,,,,99437,18,,,,,99435.5,29770
0,119800,DIVING_GEAR,99433,27,,,,,99436,27,,,,,99434.5,29920
0,119900,DIVING_GEAR,99432,29,,,,,99435,29,,,,,99433.5,30101
0,120000,DIVING_GEAR,99437,23,,,,,99440,23,,,,,99438.5,29255
0,120100,DIVING_GEAR,99429,5,99428,20,,,99431,5,99432,20,,,99430,30659
0,120200,DIVING_GEAR,99430,10,99429,18,,,99432,10,99433,18,,,99431,30445
0,120300,DIVING_GEAR,99427,10,99426,18,,,99429,10,99430,18,,,99428,30992
0,120400,DIVING_GEAR,99424,25,,,,,99427,25,,,,,99425.5,31373
0,120500,DIVING_GEAR,99413,27,,,,,99416,27,,,,,99414.5,33163
0,120600,DIVING_GEAR,99408,8,99407,19,,,99410,8,99411,19,,,99409,34079
0,120700,DIVING_GEAR,99408,10,99407,12,,,99410,10,99411,12,,,99409,34101
0,120800,DIVING_GEAR,99413,18,,,,,99416,18,,,,,99414.5,33190
0,120900,DIVING_GEAR,99419,21,,,,,99422,21,,,,,99420.5,32174
0,121000,DIVING_GEAR,99419,5,99418,19,,,99421,5,99422,19,,,99420,32258
0,121100,DIVING_GEAR,99418,7,99417,13,,,99420,7,99421,13,,,99419,32458
0,121200,DIVING_GEAR,99413,6,99412,15,,,99415,21,,,,,99414,33324
0,121300,DIVING_GEAR,99415,18,,,,,99418,18,,,,,99416.5,32906
0,121400,DIVING_GEAR,99413,21,,,,,99416,21,,,,,99414.5,33165
0,121500,DIVING_GEAR,99417,26,,,,,99420,26,,,,,99418.5,32531
0,121600,DIVING_GEAR,99428,24,,,,,99431,24,,,,,99429.5,30700
0,121700,DIVING_GEAR,99428,27,,,,,99430,7,99431,20,,,99429,30736
0,121800,DIVING_GEAR,99419,9,99418,13,,,99421,9,99422,13,,,99420,32302
0,121900,DIVING_GEAR,99413,17,,,,,99416,17,,,,,99414.5,33204
0,122000,DIVING_GEAR,99404,23,,,,,99407,23,,,,,99405.5,34731
0,122100,DIVING_GEAR,99397,6,99396,18,,,99399,6,99400,18,,,99398,35984
0,122200,DIVING_GEAR,99405,8,99404,18,,,99407,8,99408,18,,,99406,34621
0,122300,DIVING_GEAR,99406,23,,,,,99409,23,,,,,99407.5,34385
0,122400,DIVING_GEAR,99397,6,99396,11,,,99399,6,99400,11,,,99398,35976
0,122500,DIVING_GEAR,99401,6,99400,10,,,99403,6,99404,10,,,99402,35294
0,122600,DIVING_GEAR,99409,8,99408,12,,,99411,8,99412,12,,,99410,33978
0,122700,DIVING_GEAR,99406,16,,,,,99409,16,,,,,99407.5,34355
0,122800,DIVING_GEAR,99402,19,,,,,99405,19,,,,,99403.5,35063
0,122900,DIVING_GEAR,99400,10,99399,19,,,99402,10,99403,19,,,99401,35418
0,123000,DIVING_GEAR,99402,4,99401,10,,,99404,6,99405,10,,,99403,35120
0,123100,DIVING_GEAR,99406,10,99405,18,,,99408,10,99409,18,,,99407,34444
0,123200,DIVING_GEAR,99413,24,,,,,99416,24,,,,,99414.5,33194
0,123300,DIVING_GEAR,99421,7,99420,13,,,99423,7,99424,13,,,99422,31912
0,123400,DIVING_GEAR,99428,20,,,,,99431,20,,,,,99429.5,30660
0,123500,DIVING_GEAR,99437,9,99436,19,,,99439,9,99440,19,,,99438,29220
0,123600,DIVING_GEAR,99441,9,99440,17,,,99443,9,99444,17,,,99442,28520
0,123700,DIVING_GEAR,99431,21,,,,,99434,21,,,,,99432.5,30142
0,123800,DIVING_GEAR,99430,25,,,,,99433,25,,,,,99431.5,30282
0,123900,DIVING_GEAR,99432,29,,,,,99435,29,,,,,99433.5,29952
0,124000,DIVING_GEAR,99430,9,99429,10,,,99432,9,99433,10,,,99431,30358
0,124100,DIVING_GEAR,99436,9,99435,10,,,99438,9,99439,10,,,99437,29394
0,124200,DIVING_GEAR,99433,22,,,,,99436,22,,,,,99434.5,29778
0,124300,DIVING_GEAR,99428,5,99427,13,,,99430,5,99431,13,,,99429,30758
0,124400,DIVING_GEAR,99437,5,99436,16,,,99439,5,99440,16,,,99438,29232
0,124500,DIVING_GEAR,99441,8,99440,12,,,99443,8,99444,12,,,99442,28528
0,124600,DIVING_GEAR,99442,25,,,,,99445,25,,,,,99443.5,28298
0,124700,DIVING_GEAR,99448,8,99447,11,,,99450,8,99451,11,,,99449,27318
0,124800,DIVING_GEAR,99455,7,99454,18,,,99457,7,99458,18,,,99456,26194
0,124900,DIVING_GEAR,99457,7,99456,13,,,99459,7,99460,13,,,99458,25834
0,125000,DIVING_GEAR,99441,21,,,,,99444,21,,,,,99442.5,28438
0,125100,DIVING_GEAR,99437,28,,,,,99440,28,,,,,99438.5,29160
0,125200,DIVING_GEAR,99434,18,,,,,99437,18,,,,,99435.5,29650
0,125300,DIVING_GEAR,99428,27,,,,,99430,10,99431,17,,,99429,30716
0,125400,DIVING_GEAR,99429,24,,,,,99432,24,,,,,99430.5,30502
0,125500,DIVING_GEAR,99437,10,99436,10,,,99439,10,99440,10,,,99438,29210
0,125600,DIVING_GEAR,99434,7,99433,10,,,99436,7,99437,10,,,99435,29738
0,125700,DIVING_GEAR,99427,10,99426,14,,,99429,10,99430,14,,,99428,30976
0,125800,DIVING_GEAR,99439,20,,,,,99442,20,,,,,99440.5,28766
0,125900,DIVING_GEAR,99436,21,,,,,99439,21,,,,,99437.5,29260
0,126000,DIVING_GEAR,99429,6,99428,13,,,99431,6,99432,13,,,99430,30606
0,126100,DIVING_GEAR,99430,23,,,,,99433,23,,,,,99431.5,30348
0,126200,DIVING_GEAR,99433,7,99432,16,,,99435,7,99436,16,,,99434,29886
0,126300,DIVING_GEAR,99428,19,,,,,99431,19,,,,,99429.5,30654
0,126400,DIVING_GEAR,99433,26,,,,,99436,26,,,,,99434.5,29796
0,126500,DIVING_GEAR,99430,20,,,,,99433,20,,,,,99431.5,30328
0,126600,DIVING_GEAR,99424,17,,,,,99427,17,,,,,99425.5,31334
0,126700,DIVING_GEAR,99426,8,99425,10,,,99428,8,99429,10,,,99427,31142
0,126800,DIVING_GEAR,99432,2,99430,19,,,99433,19,,,,,99432.5,30302
0,126900,DIVING_GEAR,99426,25,,,,,99429,25,,,,,99427.5,30996
0,127000,DIVING_GEAR,99428,23,,,,,99431,23,,,,,99429.5,30636
0,127100,DIVING_GEAR,99428,9,99427,13,,,99430,9,99431,13,,,99429,30740
0,127200,DIVING_GEAR,99446,6,99445,18,,,99448,7,99449,18,,,99447,27662
0,127300,DIVING_GEAR,99441,29,,,,,99444,29,,,,,99442.5,28440
0,127400,DIVING_GEAR,99450,6,99449,12,,,99452,6,99453,12,,,99451,26924
0,127500,DIVING_GEAR,99449,26,,,,,99452,26,,,,,99450.5,26982
0,127600,DIVING_GEAR,99449,6,99448,19,,,99451,6,99452,19,,,99450,27124
0,127700,DIVING_GEAR,99453,27,,,,,99456,27,,,,,99454.5,26334
0,127800,DIVING_GEAR,99459,9,99458,20,,,99461,9,99462,20,,,99460,25356
0,127900,DIVING_GEAR,99467,10,99466,10,,,99469,10,99470,10,,,99468,23968
0,128000,DIVING_GEAR,99469,6,99468,10,,,99471,6,99472,10,,,99470,23608
0,128100,DIVING_GEAR,99465,8,99464,13,,,99467,8,99468,13,,,99466,24268
0,128200,DIVING_GEAR,99462,6,99461,19,,,99464,6,99465,19,,,99463,24860
0,128300,DIVING_GEAR,99465,7,99464,19,,,99467,7,99468,19,,,99466,24302
0,128400,DIVING_GEAR,99468,22,,,,,99471,22,,,,,99469.5,23666
0,128500,DIVING_GEAR,99477,30,,,,,99480,30,,,,,99478.5,22134
0,128600,DIVING_GEAR,99480,8,99479,14,,,99482,8,99483,14,,,99481,21678
0,128700,DIVING_GEAR,99486,29,,,,,99489,29,,,,,99487.5,20516
0,128800,DIVING_GEAR,99496,7,99495,15,,,99498,7,99499,15,,,99497,18854
0,128900,DIVING_GEAR,99497,9,99496,11,,,99499,9,99500,11,,,99498,18674
0,129000,DIVING_GEAR,99488,9,99487,12,,,99490,9,99491,12,,,99489,20304
0,129100,DIVING_GEAR,99480,22,,,,,99483,22,,,,,99481.5,21600
0,129200,DIVING_GEAR,99471,26,,,,,99474,26,,,,,99472.5,23178
0,129300,DIVING_GEAR,99481,24,,,,,99484,24,,,,,99482.5,21434
0,129400,DIVING_GEAR,99476,6,99475,11,,,99478,6,99479,11,,,99477,22366
0,129500,DIVING_GEAR,99484,10,99483,15,,,99486,10,99487,15,,,99485,21016
0,129600,DIVING_GEAR,99487,22,,,,,99490,22,,,,,99488.5,20374
0,129700,DIVING_GEAR,99498,7,99497,20,,,99500,7,99501,20,,,99499,18494
0,129800,DIVING_GEAR,99504,22,,,,,99507,22,,,,,99505.5,17396
0,129900,DIVING_GEAR,99504,6,99503,14,,,99506,6,99507,14,,,99505,17510
0,130000,DIVING_GEAR,99502,18,,,,,99505,18,,,,,99503.5,17730
0,130100,DIVING_GEAR,99503,7,99502,15,,,99505,7,99506,15,,,99504,17638
0,130200,DIVING_GEAR,99504,7,99503,19,,,99506,7,99507,19,,,99505,17448
0,130300,DIVING_GEAR,99501,6,99500,14,,,99503,6,99504,14,,,99502,18036
0,130400,DIVING_GEAR,99500,25,,,,,99503,25,,,,,99501.5,18072
0,130500,DIVING_GEAR,99510,25,,,,,99513,25,,,,,99511.5,16298
0,130600,DIVING_GEAR,99500,8,99499,14,,,99502,8,99503,14,,,99501,18216
0,130700,DIVING_GEAR,99501,26,,,,,99504,26,,,,,99502.5,17926
0,130800,DIVING_GEAR,99496,7,99495,18,,,99498,9,99499,18,,,99497,18944
0,130900,DIVING_GEAR,99497,9,99496,12,,,99499,9,99500,12,,,99498,18732
0,131000,DIVING_GEAR,99502,22,,,,,99505,22,,,,,99503.5,17782
0,131100,DIVING_GEAR,99502,10,99501,12,,,99504,10,99505,12,,,99503,17848
0,131200,DIVING_GEAR,99507,6,99506,14,,,99509,6,99510,14,,,99508,16974
0,131300,DIVING_GEAR,99497,9,99496,10,,,99499,9,99500,10,,,99498,18788
0,131400,DIVING_GEAR,99504,7,99503,20,,,99506,7,99507,20,,,99505,17526
0,131500,DIVING_GEAR,99500,6,99499,17,,,99502,6,99503,17,,,99501,18216
0,131600,DIVING_GEAR,99504,5,99503,10,,,99506,5,99507,10,,,99505,17508
0,131700,DIVING_GEAR,99505,5,99504,10,,,99507,5,99508,10,,,99506,17300
0,131800,DIVING_GEAR,99489,7,99488,14,,,99491,7,99492,14,,,99490,20252
0,131900,DIVING_GEAR,99484,10,99483,20,,,99486,10,99487,20,,,99485,21116
0,132000,DIVING_GEAR,99485,20,,,,,99488,20,,,,,99486.5,20866
0,132100,DIVING_GEAR,99495,10,99494,17,,,99497,10,99498,17,,,99496,19096
0,132200,DIVING_GEAR,99497,6,99496,15,,,99499,6,99500,15,,,99498,18770
0,132300,DIVING_GEAR,99498,25,,,,,99501,25,,,,,99499.5,18476
0,132400,DIVING_GEAR,99489,30,,,,,99492,30,,,,,99490.5,20090
0,132500,DIVING_GEAR,99498,24,,,,,99501,24,,,,,99499.5,18458
0,132600,DIVING_GEAR,99510,6,99509,14,,,99512,6,99513,14,,,99511,16398
0,132700,DIVING_GEAR,99510,6,99509,19,,,99512,6,99513,19,,,99511,16368
0,132800,DIVING_GEAR,99509,7,99508,18,,,99511,7,99512,18,,,99510,16620
0,132900,DIVING_GEAR,99498,19,,,,,99501,19,,,,,99499.5,18468
0,133000,DIVING_GEAR,99504,7,99503,11,,,99506,7,99507,11,,,99505,17462
0,133100,DIVING_GEAR,99521,7,99520,19,,,99523,7,99524,19,,,99522,14380
0,133200,DIVING_GEAR,99525,22,,,,,99528,22,,,,,99526.5,13564
0,133300,DIVING_GEAR,99533,22,,,,,99536,22,,,,,99534.5,12124
0,133400,DIVING_GEAR,99537,6,99536,14,,,99539,6,99540,14,,,99538,11506
0,133500,DIVING_GEAR,99530,18,,,,,99533,18,,,,,99531.5,12632
0,133600,DIVING_GEAR,99539,5,99538,13,,,99541,5,99542,13,,,99540,11108
0,133700,DIVING_GEAR,99531,19,,,,,99534,19,,,,,99532.5,12518
0,133800,DIVING_GEAR,99530,6,99529,10,,,99532,6,99533,10,,,99531,12760
0,133900,DIVING_GEAR,99531,26,,,,,99534,26,,,,,99532.5,12444
0,134000,DIVING_GEAR,99537,25,,,,,99540,25,,,,,99538.5,11438
0,134100,DIVING_GEAR,99540,5,99539,13,,,99542,5,99543,13,,,99541,10964
0,134200,DIVING_GEAR,99542,23,,,,,99545,23,,,,,99543.5,10524
0,134300,DIVING_GEAR,99537,19,,,,,99540,19,,,,,99538.5,11394
0,134400,DIVING_GEAR,99529,25,,,,,99532,25,,,,,99530.5,12868
0,134500,DIVING_GEAR,99530,9,99529,11,,,99532,9,99533,11,,,99531,12800
0,134600,DIVING_GEAR,99525,19,,,,,99528,19,,,,,99526.5,13612
0,134700,DIVING_GEAR,99517,5,99516,10,,,99519,5,99520,10,,,99518,15104
0,134800,DIVING_GEAR,99509,7,99508,20,,,99511,7,99512,20,,,99510,16556
0,134900,DIVING_GEAR,99506,10,99505,20,,,99508,10,99509,20,,,99507,17120
0,135000,DIVING_GEAR,99494,20,,,,,99497,20,,,,,99495.5,19246
0,135100,DIVING_GEAR,99486,8,99485,14,,,99488,8,99489,14,,,99487,20794
0,135200,DIVING_GEAR,99476,9,99475,17,,,99478,26,,,,,99477,22670
0,135300,DIVING_GEAR,99477,10,99476,17,,,99479,10,99480,17,,,99478,22462
0,135400,DIVING_GEAR,99479,16,,,,,99482,16,,,,,99480.5,21996
0,135500,DIVING_GEAR,99492,8,99491,13,,,99494,8,99495,13,,,99493,19696
0,135600,DIVING_GEAR,99482,20,,,,,99485,20,,,,,99483.5,21416
0,135700,DIVING_GEAR,99478,25,,,,,99481,25,,,,,99479.5,22196
0,135800,DIVING_GEAR,99484,6,99483,16,,,99486,6,99487,16,,,99485,21150
0,135900,DIVING_GEAR,99482,25,,,,,99485,25,,,,,99483.5,21402
0,136000,DIVING_GEAR,99480,19,,,,,99483,19,,,,,99481.5,21778
0,136100,DIVING_GEAR,99491,26,,,,,99494,26,,,,,99492.5,19818
0,136200,DIVING_GEAR,99489,10,99488,10,,,99491,10,99492,10,,,99490,20208
0,136300,DIVING_GEAR,99482,10,99481,10,,,99484,10,99485,10,,,99483,21536
0,136400,DIVING_GEAR,99473,25,,,,,99476,25,,,,,99474.5,23048
0,136500,DIVING_GEAR,99476,7,99475,18,,,99478,7,99479,18,,,99477,22664
0,136600,DIVING_GEAR,99477,19,,,,,99480,19,,,,,99478.5,22316
0,136700,DIVING_GEAR,99469,7,99468,11,,,99471,7,99472,11,,,99470,23890
0,136800,DIVING_GEAR,99463,8,99462,10,,,99465,8,99466,10,,,99464,25022
0,136900,DIVING_GEAR,99466,27,,,,,99468,4,99469,20,,,99467,24412
0,137000,DIVING_GEAR,99470,8,99469,15,,,99472,8,99473,15,,,99471,23742
0,137100,DIVING_GEAR,99466,8,99465,13,,,99468,8,99469,13,,,99467,24492
0,137200,DIVING_GEAR,99469,25,,,,,99472,25,,,,,99470.5,23770
0,137300,DIVING_GEAR,99473,20,,,,,99476,20,,,,,99474.5,23104
0,137400,DIVING_GEAR,99462,5,99461,11,,,99464,5,99465,11,,,99463,25184
0,137500,DIVING_GEAR,99460,6,99459,18,,,99462,6,99463,18,,,99461,25548
0,137600,DIVING_GEAR,99462,18,,,,,99465,18,,,,,99463.5,25066
0,137700,DIVING_GEAR,99459,6,99458,19,,,99461,6,99462,19,,,99460,25736
0,137800,DIVING_GEAR,99445,30,,,,,99448,30,,,,,99446.5,28230
0,137900,DIVING_GEAR,99444,6,99443,13,,,99446,6,99447,13,,,99445,28562
0,138000,DIVING_GEAR,99448,28,,,,,99451,28,,,,,99449.5,27686
0,138100,DIVING_GEAR,99458,27,,,,,99461,27,,,,,99459.5,25846
0,138200,DIVING_GEAR,99445,10,99444,13,,,99447,10,99448,13,,,99446,28446
0,138300,DIVING_GEAR,99461,6,99460,11,,,99463,6,99464,11,,,99462,25354
0,138400,DIVING_GEAR,99454,7,99453,20,,,99456,7,99457,20,,,99455,26690
0,138500,DIVING_GEAR,99460,10,99459,12,,,99462,10,99463,12,,,99461,25558
0,138600,DIVING_GEAR,99468,10,99467,20,,,99470,10,99471,20,,,99469,24098
0,138700,DIVING_GEAR,99474,9,99473,18,,,99476,9,99477,18,,,99475,22936
0,138800,DIVING_GEAR,99475,5,99474,19,,,99477,5,99478,19,,,99476,22760
0,138900,DIVING_GEAR,99467,24,,,,,99470,24,,,,,99468.5,24138
0,139000,DIVING_GEAR,99471,26,,,,,99474,26,,,,,99472.5,23398
0,139100,DIVING_GEAR,99467,10,99466,10,,,99469,10,99470,10,,,99468,24246
0,139200,DIVING_GEAR,99451,5,99450,11,,,99453,5,99454,11,,,99452,27234
0,139300,DIVING_GEAR,99469,8,99468,16,,,99471,8,99472,16,,,99470,23886
0,139400,DIVING_GEAR,99473,18,,,,,99476,18,,,,,99474.5,23048
0,139500,DIVING_GEAR,99485,8,99484,11,,,99487,19,,,,,99486,20898
0,139600,DIVING_GEAR,99479,10,99478,19,,,99481,10,99482,19,,,99480,21980
0,139700,DIVING_GEAR,99488,6,99487,17,,,99490,6,99491,17,,,99489,20242
0,139800,DIVING_GEAR,99498,7,99497,10,,,99500,7,99501,10,,,99499,18360
0,139900,DIVING_GEAR,99508,7,99507,11,,,99510,7,99511,11,,,99509,16520
0,140000,DIVING_GEAR,99508,5,99507,18,,,99510,5,99511,18,,,99509,16548
0,140100,DIVING_GEAR,99500,10,99499,10,,,99502,10,99503,10,,,99501,17974
0,140200,DIVING_GEAR,99499,5,99498,15,,,99501,5,99502,15,,,99500,18184
0,140300,DIVING_GEAR,99485,26,,,,,99488,26,,,,,99486.5,20822
0,140400,DIVING_GEAR,99474,22,,,,,99477,22,,,,,99475.5,22862
0,140500,DIVING_GEAR,99475,10,99474,12,,,99477,10,99478,12,,,99476,22754
0,140600,DIVING_GEAR,99469,6,99468,20,,,99471,6,99472,20,,,99470,23942
0,140700,DIVING_GEAR,99468,8,99467,11,,,99470,8,99471,11,,,99469,24140
0,140800,DIVING_GEAR,99467,6,99466,14,,,99469,6,99470,14,,,99468,24272
0,140900,DIVING_GEAR,99479,24,,,,,99482,24,,,,,99480.5,21962
0,141000,DIVING_GEAR,99487,25,,,,,99490,25,,,,,99488.5,20410
0,141100,DIVING_GEAR,99487,8,99486,17,,,99489,8,99490,17,,,99488,20466
0,141200,DIVING_GEAR,99494,24,,,,,99497,24,,,,,99495.5,19020
0,141300,DIVING_GEAR,99490,9,99489,18,,,99492,9,99493,18,,,99491,19956
0,141400,DIVING_GEAR,99487,27,,,,,99490,27,,,,,99488.5,20360
0,141500,DIVING_GEAR,99493,25,,,,,99496,25,,,,,99494.5,19272
0,141600,DIVING_GEAR,99487,3,99485,19,,,99488,19,,,,,99487.5,20760
0,141700,DIVING_GEAR,99484,10,99483,11,,,99486,10,99487,11,,,99485,21096
0,141800,DIVING_GEAR,99475,16,,,,,99478,16,,,,,99476.5,22680
0,141900,DIVING_GEAR,99476,24,,,,,99479,24,,,,,99477.5,22540
0,142000,DIVING_GEAR,99486,24,,,,,99489,24,,,,,99487.5,20576
0,142100,DIVING_GEAR,99482,5,99481,14,,,99484,5,99485,14,,,99483,21482
0,142200,DIVING_GEAR,99483,7,99482,20,,,99485,7,99486,20,,,99484,21212
0,142300,DIVING_GEAR,99477,19,,,,,99480,19,,,,,99478.5,22292
0,142400,DIVING_GEAR,99470,21,,,,,99473,21,,,,,99471.5,23678
0,142500,DIVING_GEAR,99462,26,,,,,99465,26,,,,,99463.5,25168
0,142600,DIVING_GEAR,99471,25,,,,,99474,25,,,,,99472.5,23418
0,142700,DIVING_GEAR,99486,23,,,,,99489,23,,,,,99487.5,20576
0,142800,DIVING_GEAR,99489,24,,,,,99492,24,,,,,99490.5,19996
0,142900,DIVING_GEAR,99485,7,99484,16,,,99487,7,99488,16,,,99486,20860
0,143000,DIVING_GEAR,99489,22,,,,,99492,22,,,,,99490.5,20014
0,143100,DIVING_GEAR,99487,21,,,,,99490,21,,,,,99488.5,20418
0,143200,DIVING_GEAR,99492,19,,,,,99495,19,,,,,99493.5,19456
0,143300,DIVING_GEAR,99494,8,99493,11,,,99496,8,99497,11,,,99495,19108
0,143400,DIVING_GEAR,99496,7,99495,15,,,99498,7,99499,15,,,99497,18772
0,143500,DIVING_GEAR,99499,18,,,,,99502,18,,,,,99500.5,18042
0,143600,DIVING_GEAR,99496,7,99495,14,,,99498,7,99499,14,,,99497,18740
0,143700,DIVING_GEAR,99493,23,,,,,99496,23,,,,,99494.5,19230
0,143800,DIVING_GEAR,99482,20,,,,,99485,20,,,,,99483.5,21304
0,143900,DIVING_GEAR,99480,8,99479,20,,,99482,8,99483,20,,,99481,21836
0,144000,DIVING_GEAR,99471,5,99470,10,,,99473,5,99474,10,,,99472,23548
0,144100,DIVING_GEAR,99470,7,99469,17,,,99472,7,99473,17,,,99471,23724
0,144200,DIVING_GEAR,99464,8,99463,11,,,99466,8,99467,11,,,99465,24878
0,144300,DIVING_GEAR,99464,23,,,,,99467,23,,,,,99465.5,24758
0,144400,DIVING_GEAR,99467,25,,,,,99470,25,,,,,99468.5,24214
0,144500,DIVING_GEAR,99458,20,,,,,99461,20,,,,,99459.5,25924
0,144600,DIVING_GEAR,99453,17,,,,,99456,17,,,,,99454.5,26904
0,144700,DIVING_GEAR,99449,3,99447,23,,,99450,23,,,,,99449.5,28040
0,144800,DIVING_GEAR,99452,20,,,,,99455,20,,,,,99453.5,27144
0,144900,DIVING_GEAR,99463,8,99462,19,,,99465,8,99466,19,,,99464,25094
0,145000,DIVING_GEAR,99468,17,,,,,99471,17,,,,,99469.5,24070
0,145100,DIVING_GEAR,99466,8,99465,19,,,99468,8,99469,19,,,99467,24500
0,145200,DIVING_GEAR,99475,22,,,,,99478,22,,,,,99476.5,22704
0,145300,DIVING_GEAR,99466,6,99465,10,,,99468,6,99469,10,,,99467,24564
0,145400,DIVING_GEAR,99475,6,99474,19,,,99477,6,99478,19,,,99476,22726
0,145500,DIVING_GEAR,99471,5,99470,11,,,99473,5,99474,11,,,99472,23532
0,145600,DIVING_GEAR,99453,18,,,,,99456,18,,,,,99454.5,26948
0,145700,DIVING_GEAR,99470,25,,,,,99472,7,99473,18,,,99471,23694
0,145800,DIVING_GEAR,99480,8,99479,20,,,99482,8,99483,20,,,99481,21760
0,145900,DIVING_GEAR,99473,22,,,,,99476,22,,,,,99474.5,23026
0,146000,DIVING_GEAR,99474,17,,,,,99477,17,,,,,99475.5,22822
0,146100,DIVING_GEAR,99473,16,,,,,99476,16,,,,,99474.5,23086
0,146200,DIVING_GEAR,99474,7,99473,14,,,99476,7,99477,14,,,99475,22962
0,146300,DIVING_GEAR,99464,20,,,,,99467,20,,,,,99465.5,24786
0,146400,DIVING_GEAR,99460,27,,,,,99463,27,,,,,99461.5,25624
0,146500,DIVING_GEAR,99463,28,,,,,99466,28,,,,,99464.5,25052
0,146600,DIVING_GEAR,99464,26,,,,,99467,26,,,,,99465.5,24780
0,146700,DIVING_GEAR,99472,3,99471,10,,,99474,5,99475,10,,,99473,23288
0,146800,DIVING_GEAR,99472,18,,,,,99475,18,,,,,99473.5,23190
0,146900,DIVING_GEAR,99487,25,,,,,99490,25,,,,,99488.5,20248
0,147000,DIVING_GEAR,99483,7,99482,20,,,99485,7,99486,20,,,99484,21146
0,147100,DIVING_GEAR,99484,29,,,,,99487,29,,,,,99485.5,20822
0,147200,DIVING_GEAR,99472,26,,,,,99475,26,,,,,99473.5,23226
0,147300,DIVING_GEAR,99464,22,,,,,99467,22,,,,,99465.5,24798
0,147400,DIVING_GEAR,99473,5,99472,15,,,99475,5,99476,15,,,99474,23134
0,147500,DIVING_GEAR,99467,9,99466,10,,,99469,9,99470,10,,,99468,24318
0,147600,DIVING_GEAR,99470,26,,,,,99473,26,,,,,99471.5,23654
0,147700,DIVING_GEAR,99470,10,99469,14,,,99472,10,99473,14,,,99471,23734
0,147800,DIVING_GEAR,99463,24,,,,,99466,24,,,,,99464.5,25044
0,147900,DIVING_GEAR,99461,25,,,,,99463,7,99464,18,,,99462,25482
0,148000,DIVING_GEAR,99458,7,99457,11,,,99460,7,99461,11,,,99459,26128
0,148100,DIVING_GEAR,99455,7,99454,13,,,99457,7,99458,13,,,99456,26740
0,148200,DIVING_GEAR,99459,24,,,,,99462,24,,,,,99460.5,25798
0,148300,DIVING_GEAR,99463,18,,,,,99466,18,,,,,99464.5,24982
0,148400,DIVING_GEAR,99460,10,99459,18,,,99462,10,99463,18,,,99461,25706
0,148500,DIVING_GEAR,99454,25,,,,,99457,25,,,,,99455.5,26846
0,148600,DIVING_GEAR,99456,9,99455,15,,,99458,9,99459,15,,,99457,26492
0,148700,DIVING_GEAR,99455,27,,,,,99458,27,,,,,99456.5,26620
0,148800,DIVING_GEAR,99462,7,99461,20,,,99464,7,99465,20,,,99463,25334
0,148900,DIVING_GEAR,99478,27,,,,,99481,27,,,,,99479.5,22006
0,149000,DIVING_GEAR,99484,7,99483,20,,,99486,7,99487,20,,,99485,20952
0,149100,DIVING_GEAR,99483,18,,,,,99486,18,,,,,99484.5,20998
0,149200,DIVING_GEAR,99482,25,,,,,99485,25,,,,,99483.5,21214
0,149300,DIVING_GEAR,99477,7,99476,12,,,99479,7,99480,12,,,99478,22290
0,149400,DIVING_GEAR,99471,19,,,,,99474,19,,,,,99472.5,23428
0,149500,DIVING_GEAR,99465,7,99464,13,,,99467,7,99468,13,,,99466,24688
0,149600,DIVING_GEAR,99462,15,,,,,99465,15,,,,,99463.5,25184
0,149700,DIVING_GEAR,99460,6,99459,11,,,99462,6,99463,11,,,99461,25720
0,149800,DIVING_GEAR,99464,19,,,,,99467,19,,,,,99465.5,24790
0,149900,DIVING_GEAR,99462,5,99461,11,,,99464,5,99465,11,,,99463,25292
0,150000,DIVING_GEAR,99461,7,99460,14,,,99463,7,99464,14,,,99462,25542
0,150100,DIVING_GEAR,99453,20,,,,,99456,20,,,,,99454.5,27070
0,150200,DIVING_GEAR,99463,20,,,,,99466,20,,,,,99464.5,25012
0,150300,DIVING_GEAR,99467,7,99466,12,,,99469,7,99470,12,,,99468,24376
0,150400,DIVING_GEAR,99478,9,99477,17,,,99480,9,99481,17,,,99479,22136
0,150500,DIVING_GEAR,99483,9,99482,15,,,99485,9,99486,15,,,99484,21140
0,150600,DIVING_GEAR,99492,22,,,,,99495,22,,,,,99493.5,19274
0,150700,DIVING_GEAR,99490,21,,,,,99493,21,,,,,99491.5,19588
0,150800,DIVING_GEAR,99495,5,99494,15,,,99497,5,99498,15,,,99496,18690
0,150900,DIVING_GEAR,99512,9,99511,10,,,99514,9,99515,10,,,99513,15300
0,151000,DIVING_GEAR,99504,16,,,,,99507,16,,,,,99505.5,16836
0,151100,DIVING_GEAR,99512,10,99511,17,,,99514,10,99515,17,,,99513,15362
0,151200,DIVING_GEAR,99522,20,,,,,99525,20,,,,,99523.5,13234
0,151300,DIVING_GEAR,99525,5,99524,13,,,99527,5,99528,13,,,99526,12710
0,151400,DIVING_GEAR,99530,5,99529,13,,,99532,5,99533,13,,,99531,11752
0,151500,DIVING_GEAR,99538,7,99537,11,,,99540,7,99541,11,,,99539,10148
0,151600,DIVING_GEAR,99533,27,,,,,99536,27,,,,,99534.5,10994
