day,timestamp,product,bid_price_1,bid_volume_1,bid_price_2,bid_volume_2,bid_price_3,bid_volume_3,ask_price_1,ask_volume_1,ask_price_2,ask_volume_2,ask_price_3,ask_volume_3,mid_price,profit_and_loss
0,0,DOLPHIN_SIGHTINGS,,,,,,,,,,,,,3000,0
0,100,DOLPHIN_SIGHTINGS,,,,,,,,,,,,,3000,0
0,200,DOLPHIN_SIGHTINGS,,,,,,,,,,,,,2999,0
0,300,DOLPHIN_SIGHTINGS,,,,,,,,,,,,,2999,0
0,400,DOLPHIN_SIGHTINGS,,,,,,,,,,,,,2999,0
0,500,DOLPHIN_SIGHTINGS,,,,,,,,,,,,,3000,0
0,600,DOLPHIN_SIGHTINGS,,,,,,,,,,,,,3000,0
0,700,DOLPHIN_SIGHTINGS,,,,,,,,,,,,,3000,0
0,800,DOLPHIN_SIGHTINGS,,,,,,,,,,,,,2999,0
0,900,DOLPHIN_SIGHTINGS,,,,,,,,,,,,,3000,0
0,1000,DOLPHIN_SIGHTINGS,,,,,,,,,,,,,3000,0
0,1100,DOLPHIN_SIGHTINGS,,,,,,,,,,,,,3000,0
0,1200,DOLPHIN_SIGHTINGS,,,,,,,,,,,,,3000,0
0,1300,DOLPHIN_SIGHTINGS,,,,,,,,,,,,,3000,0
0,1400,DOLPHIN_SIGHTINGS,,,,,,,,,,,,,3000,0
0,1500,DOLPHIN_SIGHTINGS,,,,,,,,,,,,,3000,0
0,1600,DOLPHIN_SIGHTINGS,,,,,,,,,,,,,3000,0
0,1700,DOLPHIN_SIGHTINGS,,,,,,,,,,,,,3000,0
0,1800,DOLPHIN_SIGHTINGS,,,,,,,,,,,,,2999,0
0,1900,DOLPHIN_SIGHTINGS,,,,,,,,,,,,,2999,0
0,2000,DOLPHIN_SIGHTINGS,,,,,,,,,,,,,2999,0
0,2100,DOLPHIN_SIGHTINGS,,,,,,,,,,,,,2999,0
0,2200,DOLPHIN_SIGHTINGS,,,,,,,,,,,,,2999,0
0,2300,DOLPHIN_SIGHTINGS,,,,,,,,,,,,,2999,0
0,2400,DOLPHIN_SIGHTINGS,,,,,,,,,,,,,2999,0
0,2500,DOLPHIN_SIGHTINGS,,,,,,,,,,,,,2999,0
0,2600,DOLPHIN_SIGHTINGS,,,,,,,,,,,,,2999,0
0,2700,DOLPHIN_SIGHTINGS,,,,,,,,,,,,,2999,0
0,2800,DOLPHIN_SIGHTINGS,,,,,,,,,,,,,2998,0
0,2900,DOLPHIN_SIGHTINGS,,,,,,,,,,,,,2998,0
0,3000,DOLPHIN_SIGHTINGS,,,,,,,,,,,,,2998,0
0,3100,DOLPHIN_SIGHTINGS,,,,,,,,,,,,,2998,0
0,3200,DOLPHIN_SIGHTINGS,,,,,,,,,,,,,2998,0
0,3300,DOLPHIN_SIGHTINGS,,,,,,,,,,,,,2998,0
0,3400,DOLPHIN_SIGHTINGS,,,,,,,,,,,,,2998,0
0,3500,DOLPHIN_SIGHTINGS,,,,,,,,,,,,,2997,0
0,3600,DOLPHIN_SIGHTINGS,,,,,,,,,,,,,2997,0
0,3700,DOLPHIN_SIGHTINGS,,,,,,,,,,,,,2997,0
0,3800,DOLPHIN_SIGHTINGS,,,,,,,,,,,,,2997,0
0,3900,DOLPHIN_SIGHTINGS,,,,,,,,,,,,,2997,0
0,4000,DOLPHIN_SIGHTINGS,,,,,,,,,,,,,2996,0
0,4100,DOLPHIN_SIGHTINGS,,,,,,,,,,,,,2997,0
0,4200,DOLPHIN_SIGHTINGS,,,,,,,,,,,,,2997,0
0,4300,DOLPHIN_SIGHTINGS,,,,,,,,,,,,,2996,0
0,4400,DOLPHIN_SIGHTINGS,,,,,,,,,,,,,2996,0
0,4500,DOLPHIN_SIGHTINGS,,,,,,,,,,,,,2996,0
0,4600,DOLPHIN_SIGHTINGS,,,,,,,,,,,,,2996,0
0,4700,DOLPHIN_SIGHTINGS,,,,,,,,,,,,,2996,0
0,4800,DOLPHIN_SIGHTINGS,,,,,,,,,,,,,2996,0
0,4900,DOLPHIN_SIGHTINGS,,,,,,,,,,,,,2995,0
0,5000,DOLPHIN_SIGHTINGS,,,,,,,,,,,,,2995,0
0,5100,DOLPHIN_SIGHTINGS,,,,,,,,,,,,,2996,0
0,5200,DOLPHIN_SIGHTINGS,,,,,,,,,,,,,2995,0
0,5300,DOLPHIN_SIGHTINGS,,,,,,,,,,,,,2996,0
0,5400,DOLPHIN_SIGHTINGS,,,,,,,,,,,,,2995,0
0,5500,DOLPHIN_SIGHTINGS,,,,,,,,,,,,,2995,0
0,5600,DOLPHIN_SIGHTINGS,,,,,,,,,,,,,2995,0
0,5700,DOLPHIN_SIGHTINGS,,,,,,,,,,,,,2995,0
0,5800,DOLPHIN_SIGHTINGS,,,,,,,,,,,,,2995,0
0,5900,DOLPHIN_SIGHTINGS,,,,,,,,,,,,,2996,0
0,6000,DOLPHIN_SIGHTINGS,,,,,,,,,,,,,2996,0
0,6100,DOLPHIN_SIGHTINGS,,,,,,,,,,,,,2997,0
0,6200,DOLPHIN_SIGHTINGS,,,,,,,,,,,,,2997,0
0,6300,DOLPHIN_SIGHTINGS,,,,,,,,,,,,,2997,0
0,6400,DOLPHIN_SIGHTINGS,,,,,,,,,,,,,2997,0
0,6500,DOLPHIN_SIGHTINGS,,,,,,,,,,,,,2997,0
0,6600,DOLPHIN_SIGHTINGS,,,,,,,,,,,,,2997,0
0,6700,DOLPHIN_SIGHTINGS,,,,,,,,,,,,,2997,0
0,6800,DOLPHIN_SIGHTINGS,,,,,,,,,,,,,2997,0
0,6900,DOLPHIN_SIGHTINGS,,,,,,,,,,,,,2997,0
0,7000,DOLPHIN_SIGHTINGS,,,,,,,,,,,,,2997,0
0,7100,DOLPHIN_SIGHTINGS,,,,,,,,,,,,,2997,0
0,7200,DOLPHIN_SIGHTINGS,,,,,,,,,,,,,2997,0
0,7300,DOLPHIN_SIGHTINGS,,,,,,,,,,,,,2997,0
0,7400,DOLPHIN_SIGHTINGS,,,,,,,,,,,,,2997,0
0,7500,DOLPHIN_SIGHTINGS,,,,,,,,,,,,,2997,0
0,7600,DOLPHIN_SIGHTINGS,,,,,,,,,,,,,2997,0
0,7700,DOLPHIN_SIGHTINGS,,,,,,,,,,,,,2996,0
0,7800,DOLPHIN_SIGHTINGS,,,,,,,,,,,,,2996,0
0,7900,DOLPHIN_SIGHTINGS,,,,,,,,,,,,,2996,0
0,8000,DOLPHIN_SIGHTINGS,,,,,,,,,,,,,2996,0
0,8100,DOLPHIN_SIGHTINGS,,,,,,,,,,,,,2996,0
0,8200,DOLPHIN_SIGHTINGS,,,,,,,,,,,,,2996,0
0,8300,DOLPHIN_SIGHTINGS,,,,,,,,,,,,,2996,0
0,8400,DOLPHIN_SIGHTINGS,,,,,,,,,,,,,2995,0
0,8500,DOLPHIN_SIGHTINGS,,,,,,,,,,,,,2995,0
0,8600,DOLPHIN_SIGHTINGS,,,,,,,,,,,,,2995,0
0,8700,DOLPHIN_SIGHTINGS,,,,,,,,,,,,,2995,0
0,8800,DOLPHIN_SIGHTINGS,,,,,,,,,,,,,2995,0
0,8900,DOLPHIN_SIGHTINGS,,,,,,,,,,,,,2995,0
0,9000,DOLPHIN_SIGHTINGS,,,,,,,,,,,,,2995,0
0,9100,DOLPHIN_SIGHTINGS,,,,,,,,,,,,,2995,0
0,9200,DOLPHIN_SIGHTINGS,,,,,,,,,,,,,2995,0
0,9300,DOLPHIN_SIGHTINGS,,,,,,,,,,,,,2995,0
0,9400,DOLPHIN_SIGHTINGS,,,,,,,,,,,,,2994,0
0,9500,DOLPHIN_SIGHTINGS,,,,,,,,,,,,,2994,0
0,9600,DOLPHIN_SIGHTINGS,,,,,,,,,,,,,2994,0
0,9700,DOLPHIN_SIGHTINGS,,,,,,,,,,,,,2994,0
0,9800,DOLPHIN_SIGHTINGS,,,,,,,,,,,,,2994,0
0,9900,DOLPHIN_SIGHTINGS,,,,,,,,,,,,,2994,0
0,10000,DOLPHIN_SIGHTINGS,,,,,,,,,,,,,2994,0
0,10100,DOLPHIN_SIGHTINGS,,,,,,,,,,,,,2993,0
0,10200,DOLPHIN_SIGHTINGS,,,,,,,,,,,,,2993,0
0,10300,DOLPHIN_SIGHTINGS,,,,,,,,,,,,,2993,0
0,10400,DOLPHIN_SIGHTINGS,,,,,,,,,,,,,2993,0
0,10500,DOLPHIN_SIGHTINGS,,,,,,,,,,,,,2993,0
0,10600,DOLPHIN_SIGHTINGS,,,,,,,,,,,,,2994,0
0,10700,DOLPHIN_SIGHTINGS,,,,,,,,,,,,,2994,0
0,10800,DOLPHIN_SIGHTINGS,,,,,,,,,,,,,2993,0
0,10900,DOLPHIN_SIGHTINGS,,,,,,,,,,,,,2994,0
0,11000,DOLPHIN_SIGHTINGS,,,,,,,,,,,,,2994,0
0,11100,DOLPHIN_SIGHTINGS,,,,,,,,,,,,,2994,0
0,11200,DOLPHIN_SIGHTINGS,,,,,,,,,,,,,2994,0
0,11300,DOLPHIN_SIGHTINGS,,,,,,,,,,,,,2994,0
0,11400,DOLPHIN_SIGHTINGS,,,,,,,,,,,,,2994,0
0,11500,DOLPHIN_SIGHTINGS,,,,,,,,,,,,,2994,0
0,11600,DOLPHIN_SIGHTINGS,,,,,,,,,,,,,2993,0
0,11700,DOLPHIN_SIGHTINGS,,,,,,,,,,,,,2993,0
0,11800,DOLPHIN_SIGHTINGS,,,,,,,,,,,,,2994,0
0,11900,DOLPHIN_SIGHTINGS,,,,,,,,,,,,,2994,0
0,12000,DOLPHIN_SIGHTINGS,,,,,,,,,,,,,2994,0
0,12100,DOLPHIN_SIGHTINGS,,,,,,,,,,,,,2994,0
0,12200,DOLPHIN_SIGHTINGS,,,,,,,,,,,,,2994,0
0,12300,DOLPHIN_SIGHTINGS,,,,,,,,,,,,,2994,0
0,12400,DOLPHIN_SIGHTINGS,,,,,,,,,,,,,2994,0
0,12500,DOLPHIN_SIGHTINGS,,,,,,,,,,,,,2994,0
0,12600,DOLPHIN_SIGHTINGS,,,,,,,,,,,,,2993,0
0,12700,DOLPHIN_SIGHTINGS,,,,,,,,,,,,,2993,0
0,12800,DOLPHIN_SIGHTINGS,,,,,,,,,,,,,2993,0
0,12900,DOLPHIN_SIGHTINGS,,,,,,,,,,,,,2993,0
0,13000,DOLPHIN_SIGHTINGS,,,,,,,,,,,,,2993,0
0,13100,DOLPHIN_SIGHTINGS,,,,,,,,,,,,,2993,0
0,13200,DOLPHIN_SIGHTINGS,,,,,,,,,,,,,2994,0
0,13300,DOLPHIN_SIGHTINGS,,,,,,,,,,,,,2994,0
0,13400,DOLPHIN_SIGHTINGS,,,,,,,,,,,,,2994,0
0,13500,DOLPHIN_SIGHTINGS,,,,,,,,,,,,,2994,0
0,13600,DOLPHIN_SIGHTINGS,,,,,,,,,,,,,2995,0
0,13700,DOLPHIN_SIGHTINGS,,,,,,,,,,,,,2995,0
0,13800,DOLPHIN_SIGHTINGS,,,,,,,,,,,,,2995,0
0,13900,DOLPHIN_SIGHTINGS,,,,,,,,,,,,,2995,0
0,14000,DOLPHIN_SIGHTINGS,,,,,,,,,,,,,2995,0
0,14100,DOLPHIN_SIGHTINGS,,,,,,,,,,,,,2995,0
0,14200,DOLPHIN_SIGHTINGS,,,,,,,,,,,,,2995,0
0,14300,DOLPHIN_SIGHTINGS,,,,,,,,,,,,,2995,0
0,14400,DOLPHIN_SIGHTINGS,,,,,,,,,,,,,2995,0
0,14500,DOLPHIN_SIGHTINGS,,,,,,,,,,,,,2995,0
0,14600,DOLPHIN_SIGHTINGS,,,,,,,,,,,,,2995,0
0,14700,DOLPHIN_SIGHTINGS,,,,,,,,,,,,,2996,0
0,14800,DOLPHIN_SIGHTINGS,,,,,,,,,,,,,2996,0
0,14900,DOLPHIN_SIGHTINGS,,,,,,,,,,,,,2996,0
0,15000,DOLPHIN_SIGHTINGS,,,,,,,,,,,,,2996,0
0,15100,DOLPHIN_SIGHTINGS,,,,,,,,,,,,,2996,0
0,15200,DOLPHIN_SIGHTINGS,,,,,,,,,,,,,2996,0
0,15300,DOLPHIN_SIGHTINGS,,,,,,,,,,,,,2995,0
0,15400,DOLPHIN_SIGHTINGS,,,,,,,,,,,,,2995,0
0,15500,DOLPHIN_SIGHTINGS,,,,,,,,,,,,,2996,0
0,15600,DOLPHIN_SIGHTINGS,,,,,,,,,,,,,2995,0
0,15700,DOLPHIN_SIGHTINGS,,,,,,,,,,,,,2995,0
0,15800,DOLPHIN_SIGHTINGS,,,,,,,,,,,,,2995,0
0,15900,DOLPHIN_SIGHTINGS,,,,,,,,,,,,,2995,0
0,16000,DOLPHIN_SIGHTINGS,,,,,,,,,,,,,2995,0
0,16100,DOLPHIN_SIGHTINGS,,,,,,,,,,,,,2995,0
0,16200,DOLPHIN_SIGHTINGS,,,,,,,,,,,,,2995,0
0,16300,DOLPHIN_SIGHTINGS,,,,,,,,,,,,,2996,0
0,16400,DOLPHIN_SIGHTINGS,,,,,,,,,,,,,2995,0
0,16500,DOLPHIN_SIGHTINGS,,,,,,,,,,,,,2995,0
0,16600,DOLPHIN_SIGHTINGS,,,,,,,,,,,,,2995,0
0,16700,DOLPHIN_SIGHTINGS,,,,,,,,,,,,,2995,0
0,16800,DOLPHIN_SIGHTINGS,,,,,,,,,,,,,2995,0
0,16900,DOLPHIN_SIGHTINGS,,,,,,,,,,,,,2994,0
0,17000,DOLPHIN_SIGHTINGS,,,,,,,,,,,,,2995,0
0,17100,DOLPHIN_SIGHTINGS,,,,,,,,,,,,,2995,0
0,17200,DOLPHIN_SIGHTINGS,,,,,,,,,,,,,2995,0
0,17300,DOLPHIN_SIGHTINGS,,,,,,,,,,,,,2995,0
0,17400,DOLPHIN_SIGHTINGS,,,,,,,,,,,,,2995,0
0,17500,DOLPHIN_SIGHTINGS,,,,,,,,,,,,,2995,0
0,17600,DOLPHIN_SIGHTINGS,,,,,,,,,,,,,2994,0
0,17700,DOLPHIN_SIGHTINGS,,,,,,,,,,,,,2994,0
0,17800,DOLPHIN_SIGHTINGS,,,,,,,,,,,,,2995,0
0,17900,DOLPHIN_SIGHTINGS,,,,,,,,,,,,,2994,0
0,18000,DOLPHIN_SIGHTINGS,,,,,,,,,,,,,2994,0
0,18100,DOLPHIN_SIGHTINGS,,,,,,,,,,,,,2994,0
0,18200,DOLPHIN_SIGHTINGS,,,,,,,,,,,,,2995,0
0,18300,DOLPHIN_SIGHTINGS,,,,,,,,,,,,,2996,0
0,18400,DOLPHIN_SIGHTINGS,,,,,,,,,,,,,2995,0
0,18500,DOLPHIN_SIGHTINGS,,,,,,,,,,,,,2995,0
0,18600,DOLPHIN_SIGHTINGS,,,,,,,,,,,,,2996,0
0,18700,DOLPHIN_SIGHTINGS,,,,,,,,,,,,,2996,0
0,18800,DOLPHIN_SIGHTINGS,,,,,,,,,,,,,2995,0
0,18900,DOLPHIN_SIGHTINGS,,,,,,,,,,,,,2995,0
0,19000,DOLPHIN_SIGHTINGS,,,,,,,,,,,,,2996,0
0,19100,DOLPHIN_SIGHTINGS,,,,,,,,,,,,,2996,0
0,19200,DOLPHIN_SIGHTINGS,,,,,,,,,,,,,2996,0
0,19300,DOLPHIN_SIGHTINGS,,,,,,,,,,,,,2996,0
0,19400,DOLPHIN_SIGHTINGS,,,,,,,,,,,,,2996,0
0,19500,DOLPHIN_SIGHTINGS,,,,,,,,,,,,,2996,0
0,19600,DOLPHIN_SIGHTINGS,,,,,,,,,,,,,2996,0
0,19700,DOLPHIN_SIGHTINGS,,,,,,,,,,,,,2996,0
0,19800,DOLPHIN_SIGHTINGS,,,,,,,,,,,,,2996,0
0,19900,DOLPHIN_SIGHTINGS,,,,,,,,,,,,,2996,0
0,20000,DOLPHIN_SIGHTINGS,,,,,,,,,,,,,2996,0
0,20100,DOLPHIN_SIGHTINGS,,,,,,,,,,,,,2996,0
0,20200,DOLPHIN_SIGHTINGS,,,,,,,,,,,,,2995,0
0,20300,DOLPHIN_SIGHTINGS,,,,,,,,,,,,,2995,0
0,20400,DOLPHIN_SIGHTINGS,,,,,,,,,,,,,2995,0
0,20500,DOLPHIN_SIGHTINGS,,,,,,,,,,,,,2996,0
0,20600,DOLPHIN_SIGHTINGS,,,,,,,,,,,,,2995,0
0,20700,DOLPHIN_SIGHTINGS,,,,,,,,,,,,,2996,0
0,20800,DOLPHIN_SIGHTINGS,,,,,,,,,,,,,2996,0
0,20900,DOLPHIN_SIGHTINGS,,,,,,,,,,,,,2996,0
0,21000,DOLPHIN_SIGHTINGS,,,,,,,,,,,,,2996,0
0,21100,DOLPHIN_SIGHTINGS,,,,,,,,,,,,,2996,0
0,21200,DOLPHIN_SIGHTINGS,,,,,,,,,,,,,2996,0
0,21300,DOLPHIN_SIGHTINGS,,,,,,,,,,,,,2997,0
0,21400,DOLPHIN_SIGHTINGS,,,,,,,,,,,,,2997,0
0,21500,DOLPHIN_SIGHTINGS,,,,,,,,,,,,,2997,0
0,21600,DOLPHIN_SIGHTINGS,,,,,,,,,,,,,2997,0
0,21700,DOLPHIN_SIGHTINGS,,,,,,,,,,,,,2997,0
0,21800,DOLPHIN_SIGHTINGS,,,,,,,,,,,,,2997,0
0,21900,DOLPHIN_SIGHTINGS,,,,,,,,,,,,,2997,0
0,22000,DOLPHIN_SIGHTINGS,,,,,,,,,,,,,2997,0
0,22100,DOLPHIN_SIGHTINGS,,,,,,,,,,,,,2998,0
0,22200,DOLPHIN_SIGHTINGS,,,,,,,,,,,,,2998,0
0,22300,DOLPHIN_SIGHTINGS,,,,,,,,,,,,,2998,0
0,22400,DOLPHIN_SIGHTINGS,,,,,,,,,,,,,2998,0
0,22500,DOLPHIN_SIGHTINGS,,,,,,,,,,,,,2998,0
0,22600,DOLPHIN_SIGHTINGS,,,,,,,,,,,,,2999,0
0,22700,DOLPHIN_SIGHTINGS,,,,,,,,,,,,,2998,0
0,22800,DOLPHIN_SIGHTINGS,,,,,,,,,,,,,2998,0
0,22900,DOLPHIN_SIGHTINGS,,,,,,,,,,,,,2998,0
0,23000,DOLPHIN_SIGHTINGS,,,,,,,,,,,,,2998,0
0,23100,DOLPHIN_SIGHTINGS,,,,,,,,,,,,,2997,0
0,23200,DOLPHIN_SIGHTINGS,,,,,,,,,,,,,2997,0
0,23300,DOLPHIN_SIGHTINGS,,,,,,,,,,,,,2997,0
0,23400,DOLPHIN_SIGHTINGS,,,,,,,,,,,,,2997,0
0,23500,DOLPHIN_SIGHTINGS,,,,,,,,,,,,,2997,0
0,23600,DOLPHIN_SIGHTINGS,,,,,,,,,,,,,2997,0
0,23700,DOLPHIN_SIGHTINGS,,,,,,,,,,,,,2997,0
0,23800,DOLPHIN_SIGHTINGS,,,,,,,,,,,,,2997,0
0,23900,DOLPHIN_SIGHTINGS,,,,,,,,,,,,,2997,0
0,24000,DOLPHIN_SIGHTINGS,,,,,,,,,,,,,2997,0
0,24100,DOLPHIN_SIGHTINGS,,,,,,,,,,,,,2997,0
0,24200,DOLPHIN_SIGHTINGS,,,,,,,,,,,,,2997,0
0,24300,DOLPHIN_SIGHTINGS,,,,,,,,,,,,,2997,0
0,24400,DOLPHIN_SIGHTINGS,,,,,,,,,,,,,2998,0
0,24500,DOLPHIN_SIGHTINGS,,,,,,,,,,,,,2998,0
0,24600,DOLPHIN_SIGHTINGS,,,,,,,,,,,,,2997,0
0,24700,DOLPHIN_SIGHTINGS,,,,,,,,,,,,,2997,0
0,24800,DOLPHIN_SIGHTINGS,,,,,,,,,,,,,2997,0
0,24900,DOLPHIN_SIGHTINGS,,,,,,,,,,,,,2997,0
0,25000,DOLPHIN_SIGHTINGS,,,,,,,,,,,,,2997,0
0,25100,DOLPHIN_SIGHTINGS,,,,,,,,,,,,,2996,0
0,25200,DOLPHIN_SIGHTINGS,,,,,,,,,,,,,2996,0
0,25300,DOLPHIN_SIGHTINGS,,,,,,,,,,,,,2996,0
0,25400,DOLPHIN_SIGHTINGS,,,,,,,,,,,,,2996,0
0,25500,DOLPHIN_SIGHTINGS,,,,,,,,,,,,,2996,0
0,25600,DOLPHIN_SIGHTINGS,,,,,,,,,,,,,2996,0
0,25700,DOLPHIN_SIGHTINGS,,,,,,,,,,,,,2996,0
0,25800,DOLPHIN_SIGHTINGS,,,,,,,,,,,,,2997,0
0,25900,DOLPHIN_SIGHTINGS,,,,,,,,,,,,,2997,0
0,26000,DOLPHIN_SIGHTINGS,,,,,,,,,,,,,2997,0
0,26100,DOLPHIN_SIGHTINGS,,,,,,,,,,,,,2997,0
0,26200,DOLPHIN_SIGHTINGS,,,,,,,,,,,,,2997,0
0,26300,DOLPHIN_SIGHTINGS,,,,,,,,,,,,,2997,0
0,26400,DOLPHIN_SIGHTINGS,,,,,,,,,,,,,2998,0
0,26500,DOLPHIN_SIGHTINGS,,,,,,,,,,,,,2997,0
0,26600,DOLPHIN_SIGHTINGS,,,,,,,,,,,,,2998,0
0,26700,DOLPHIN_SIGHTINGS,,,,,,,,,,,,,2998,0
0,26800,DOLPHIN_SIGHTINGS,,,,,,,,,,,,,2998,0
0,26900,DOLPHIN_SIGHTINGS,,,,,,,,,,,,,2997,0
0,27000,DOLPHIN_SIGHTINGS,,,,,,,,,,,,,2998,0
0,27100,DOLPHIN_SIGHTINGS,,,,,,,,,,,,,2998,0
0,27200,DOLPHIN_SIGHTINGS,,,,,,,,,,,,,2998,0
0,27300,DOLPHIN_SIGHTINGS,,,,,,,,,,,,,2997,0
0,27400,DOLPHIN_SIGHTINGS,,,,,,,,,,,,,2998,0
0,27500,DOLPHIN_SIGHTINGS,,,,,,,,,,,,,2998,0
0,27600,DOLPHIN_SIGHTINGS,,,,,,,,,,,,,2998,0
0,27700,DOLPHIN_SIGHTINGS,,,,,,,,,,,,,2998,0
0,27800,DOLPHIN_SIGHTINGS,,,,,,,,,,,,,2998,0
0,27900,DOLPHIN_SIGHTINGS,,,,,,,,,,,,,2998,0
0,28000,DOLPHIN_SIGHTINGS,,,,,,,,,,,,,2998,0
0,28100,DOLPHIN_SIGHTINGS,,,,,,,,,,,,,2997,0
0,28200,DOLPHIN_SIGHTINGS,,,,,,,,,,,,,2998,0
0,28300,DOLPHIN_SIGHTINGS,,,,,,,,,,,,,2998,0
0,28400,DOLPHIN_SIGHTINGS,,,,,,,,,,,,,2998,0
0,28500,DOLPHIN_SIGHTINGS,,,,,,,,,,,,,2998,0
0,28600,DOLPHIN_SIGHTINGS,,,,,,,,,,,,,2997,0
0,28700,DOLPHIN_SIGHTINGS,,,,,,,,,,,,,2997,0
0,28800,DOLPHIN_SIGHTINGS,,,,,,,,,,,,,2997,0
0,28900,DOLPHIN_SIGHTINGS,,,,,,,,,,,,,2997,0
0,29000,DOLPHIN_SIGHTINGS,,,,,,,,,,,,,2997,0
0,29100,DOLPHIN_SIGHTINGS,,,,,,,,,,,,,2997,0
0,29200,DOLPHIN_SIGHTINGS,,,,,,,,,,,,,2997,0
0,29300,DOLPHIN_SIGHTINGS,,,,,,,,,,,,,2997,0
0,29400,DOLPHIN_SIGHTINGS,,,,,,,,,,,,,2997,0
0,29500,DOLPHIN_SIGHTINGS,,,,,,,,,,,,,2996,0
0,29600,DOLPHIN_SIGHTINGS,,,,,,,,,,,,,2997,0
0,29700,DOLPHIN_SIGHTINGS,,,,,,,,,,,,,2997,0
0,29800,DOLPHIN_SIGHTINGS,,,,,,,,,,,,,2997,0
0,29900,DOLPHIN_SIGHTINGS,,,,,,,,,,,,,2996,0
0,30000,DOLPHIN_SIGHTINGS,,,,,,,,,,,,,2996,0
0,30100,DOLPHIN_SIGHTINGS,,,,,,,,,,,,,2996,0
0,30200,DOLPHIN_SIGHTINGS,,,,,,,,,,,,,2996,0
0,30300,DOLPHIN_SIGHTINGS,,,,,,,,,,,,,2996,0
0,30400,DOLPHIN_SIGHTINGS,,,,,,,,,,,,,2996,0
0,30500,DOLPHIN_SIGHTINGS,,,,,,,,,,,,,2996,0
0,30600,DOLPHIN_SIGHTINGS,,,,,,,,,,,,,2996,0
0,30700,DOLPHIN_SIGHTINGS,,,,,,,,,,,,,2996,0
0,30800,DOLPHIN_SIGHTINGS,,,,,,,,,,,,,2996,0
0,30900,DOLPHIN_SIGHTINGS,,,,,,,,,,,,,2997,0
0,31000,DOLPHIN_SIGHTINGS,,,,,,,,,,,,,2997,0
0,31100,DOLPHIN_SIGHTINGS,,,,,,,,,,,,,2997,0
0,31200,DOLPHIN_SIGHTINGS,,,,,,,,,,,,,2997,0
0,31300,DOLPHIN_SIGHTINGS,,,,,,,,,,,,,2997,0
0,31400,DOLPHIN_SIGHTINGS,,,,,,,,,,,,,2996,0
0,31500,DOLPHIN_SIGHTINGS,,,,,,,,,,,,,2996,0
0,31600,DOLPHIN_SIGHTINGS,,,,,,,,,,,,,2996,0
0,31700,DOLPHIN_SIGHTINGS,,,,,,,,,,,,,2995,0
0,31800,DOLPHIN_SIGHTINGS,,,,,,,,,,,,,2996,0
0,31900,DOLPHIN_SIGHTINGS,,,,,,,,,,,,,2995,0
0,32000,DOLPHIN_SIGHTINGS,,,,,,,,,,,,,2994,0
0,32100,DOLPHIN_SIGHTINGS,,,,,,,,,,,,,2995,0
0,32200,DOLPHIN_SIGHTINGS,,,,,,,,,,,,,2995,0
0,32300,DOLPHIN_SIGHTINGS,,,,,,,,,,,,,2995,0
0,32400,DOLPHIN_SIGHTINGS,,,,,,,,,,,,,2996,0
0,32500,DOLPHIN_SIGHTINGS,,,,,,,,,,,,,2996,0
0,32600,DOLPHIN_SIGHTINGS,,,,,,,,,,,,,2996,0
0,32700,DOLPHIN_SIGHTINGS,,,,,,,,,,,,,2996,0
0,32800,DOLPHIN_SIGHTINGS,,,,,,,,,,,,,2996,0
0,32900,DOLPHIN_SIGHTINGS,,,,,,,,,,,,,2996,0
0,33000,DOLPHIN_SIGHTINGS,,,,,,,,,,,,,2996,0
0,33100,DOLPHIN_SIGHTINGS,,,,,,,,,,,,,2995,0
0,33200,DOLPHIN_SIGHTINGS,,,,,,,,,,,,,2995,0
0,33300,DOLPHIN_SIGHTINGS,,,,,,,,,,,,,2995,0
0,33400,DOLPHIN_SIGHTINGS,,,,,,,,,,,,,2995,0
0,33500,DOLPHIN_SIGHTINGS,,,,,,,,,,,,,2995,0
0,33600,DOLPHIN_SIGHTINGS,,,,,,,,,,,,,2995,0
0,33700,DOLPHIN_SIGHTINGS,,,,,,,,,,,,,2995,0
0,33800,DOLPHIN_SIGHTINGS,,,,,,,,,,,,,2996,0
0,33900,DOLPHIN_SIGHTINGS,,,,,,,,,,,,,2996,0
0,34000,DOLPHIN_SIGHTINGS,,,,,,,,,,,,,2996,0
0,34100,DOLPHIN_SIGHTINGS,,,,,,,,,,,,,2996,0
0,34200,DOLPHIN_SIGHTINGS,,,,,,,,,,,,,2997,0
0,34300,DOLPHIN_SIGHTINGS,,,,,,,,,,,,,2997,0
0,34400,DOLPHIN_SIGHTINGS,,,,,,,,,,,,,2996,0
0,34500,DOLPHIN_SIGHTINGS,,,,,,,,,,,,,2996,0
0,34600,DOLPHIN_SIGHTINGS,,,,,,,,,,,,,2996,0
0,34700,DOLPHIN_SIGHTINGS,,,,,,,,,,,,,2996,0
0,34800,DOLPHIN_SIGHTINGS,,,,,,,,,,,,,2996,0
0,34900,DOLPHIN_SIGHTINGS,,,,,,,,,,,,,2995,0
0,35000,DOLPHIN_SIGHTINGS,,,,,,,,,,,,,2995,0
0,35100,DOLPHIN_SIGHTINGS,,,,,,,,,,,,,2995,0
0,35200,DOLPHIN_SIGHTINGS,,,,,,,,,,,,,2995,0
0,35300,DOLPHIN_SIGHTINGS,,,,,,,,,,,,,2995,0
0,35400,DOLPHIN_SIGHTINGS,,,,,,,,,,,,,2994,0
0,35500,DOLPHIN_SIGHTINGS,,,,,,,,,,,,,2994,0
0,35600,DOLPHIN_SIGHTINGS,,,,,,,,,,,,,2994,0
0,35700,DOLPHIN_SIGHTINGS,,,,,,,,,,,,,2994,0
0,35800,DOLPHIN_SIGHTINGS,,,,,,,,,,,,,2994,0
0,35900,DOLPHIN_SIGHTINGS,,,,,,,,,,,,,2994,0
0,36000,DOLPHIN_SIGHTINGS,,,,,,,,,,,,,2994,0
0,36100,DOLPHIN_SIGHTINGS,,,,,,,,,,,,,2994,0
0,36200,DOLPHIN_SIGHTINGS,,,,,,,,,,,,,2994,0
0,36300,DOLPHIN_SIGHTINGS,,,,,,,,,,,,,2994,0
0,36400,DOLPHIN_SIGHTINGS,,,,,,,,,,,,,2994,0
0,36500,DOLPHIN_SIGHTINGS,,,,,,,,,,,,,2994,0
0,36600,DOLPHIN_SIGHTINGS,,,,,,,,,,,,,2994,0
0,36700,DOLPHIN_SIGHTINGS,,,,,,,,,,,,,2994,0
0,36800,DOLPHIN_SIGHTINGS,,,,,,,,,,,,,2993,0
0,36900,DOLPHIN_SIGHTINGS,,,,,,,,,,,,,2992,0
0,37000,DOLPHIN_SIGHTINGS,,,,,,,,,,,,,2993,0
0,37100,DOLPHIN_SIGHTINGS,,,,,,,,,,,,,2993,0
0,37200,DOLPHIN_SIGHTINGS,,,,,,,,,,,,,2993,0
0,37300,DOLPHIN_SIGHTINGS,,,,,,,,,,,,,2993,0
0,37400,DOLPHIN_SIGHTINGS,,,,,,,,,,,,,2993,0
0,37500,DOLPHIN_SIGHTINGS,,,,,,,,,,,,,2993,0
0,37600,DOLPHIN_SIGHTINGS,,,,,,,,,,,,,2993,0
0,37700,DOLPHIN_SIGHTINGS,,,,,,,,,,,,,2993,0
0,37800,DOLPHIN_SIGHTINGS,,,,,,,,,,,,,2993,0
0,37900,DOLPHIN_SIGHTINGS,,,,,,,,,,,,,2993,0
0,38000,DOLPHIN_SIGHTINGS,,,,,,,,,,,,,2993,0
0,38100,DOLPHIN_SIGHTINGS,,,,,,,,,,,,,2993,0
0,38200,DOLPHIN_SIGHTINGS,,,,,,,,,,,,,2993,0
0,38300,DOLPHIN_SIGHTINGS,,,,,,,,,,,,,2993,0
0,38400,DOLPHIN_SIGHTINGS,,,,,,,,,,,,,2993,0
0,38500,DOLPHIN_SIGHTINGS,,,,,,,,,,,,,2993,0
0,38600,DOLPHIN_SIGHTINGS,,,,,,,,,,,,,2993,0
0,38700,DOLPHIN_SIGHTINGS,,,,,,,,,,,,,2993,0
0,38800,DOLPHIN_SIGHTINGS,,,,,,,,,,,,,2993,0
0,38900,DOLPHIN_SIGHTINGS,,,,,,,,,,,,,2994,0
0,39000,DOLPHIN_SIGHTINGS,,,,,,,,,,,,,2994,0
0,39100,DOLPHIN_SIGHTINGS,,,,,,,,,,,,,2994,0
0,39200,DOLPHIN_SIGHTINGS,,,,,,,,,,,,,2994,0
0,39300,DOLPHIN_SIGHTINGS,,,,,,,,,,,,,2994,0
0,39400,DOLPHIN_SIGHTINGS,,,,,,,,,,,,,2994,0
0,39500,DOLPHIN_SIGHTINGS,,,,,,,,,,,,,2995,0
0,39600,DOLPHIN_SIGHTINGS,,,,,,,,,,,,,2994,0
0,39700,DOLPHIN_SIGHTINGS,,,,,,,,,,,,,2994,0
0,39800,DOLPHIN_SIGHTINGS,,,,,,,,,,,,,2994,0
0,39900,DOLPHIN_SIGHTINGS,,,,,,,,,,,,,2994,0
0,40000,DOLPHIN_SIGHTINGS,,,,,,,,,,,,,2994,0
0,40100,DOLPHIN_SIGHTINGS,,,,,,,,,,,,,2994,0
0,40200,DOLPHIN_SIGHTINGS,,,,,,,,,,,,,2994,0
0,40300,DOLPHIN_SIGHTINGS,,,,,,,,,,,,,2994,0
0,40400,DOLPHIN_SIGHTINGS,,,,,,,,,,,,,2994,0
0,40500,DOLPHIN_SIGHTINGS,,,,,,,,,,,,,2995,0
0,40600,DOLPHIN_SIGHTINGS,,,,,,,,,,,,,2995,0
0,40700,DOLPHIN_SIGHTINGS,,,,,,,,,,,,,2995,0
0,40800,DOLPHIN_SIGHTINGS,,,,,,,,,,,,,2995,0
0,40900,DOLPHIN_SIGHTINGS,,,,,,,,,,,,,2995,0
0,41000,DOLPHIN_SIGHTINGS,,,,,,,,,,,,,2995,0
0,41100,DOLPHIN_SIGHTINGS,,,,,,,,,,,,,2995,0
0,41200,DOLPHIN_SIGHTINGS,,,,,,,,,,,,,2995,0
0,41300,DOLPHIN_SIGHTINGS,,,,,,,,,,,,,2995,0
0,41400,DOLPHIN_SIGHTINGS,,,,,,,,,,,,,2995,0
0,41500,DOLPHIN_SIGHTINGS,,,,,,,,,,,,,2995,0
0,41600,DOLPHIN_SIGHTINGS,,,,,,,,,,,,,2996,0
0,41700,DOLPHIN_SIGHTINGS,,,,,,,,,,,,,2996,0
0,41800,DOLPHIN_SIGHTINGS,,,,,,,,,,,,,2996,0
0,41900,DOLPHIN_SIGHTINGS,,,,,,,,,,,,,2996,0
0,42000,DOLPHIN_SIGHTINGS,,,,,,,,,,,,,2996,0
0,42100,DOLPHIN_SIGHTINGS,,,,,,,,,,,,,2996,0
0,42200,DOLPHIN_SIGHTINGS,,,,,,,,,,,,,2997,0
0,42300,DOLPHIN_SIGHTINGS,,,,,,,,,,,,,2996,0
0,42400,DOLPHIN_SIGHTINGS,,,,,,,,,,,,,2996,0
0,42500,DOLPHIN_SIGHTINGS,,,,,,,,,,,,,2996,0
0,42600,DOLPHIN_SIGHTINGS,,,,,,,,,,,,,2996,0
0,42700,DOLPHIN_SIGHTINGS,,,,,,,,,,,,,2995,0
0,42800,DOLPHIN_SIGHTINGS,,,,,,,,,,,,,2996,0
0,42900,DOLPHIN_SIGHTINGS,,,,,,,,,,,,,2996,0
0,43000,DOLPHIN_SIGHTINGS,,,,,,,,,,,,,2996,0
0,43100,DOLPHIN_SIGHTINGS,,,,,,,,,,,,,2996,0
0,43200,DOLPHIN_SIGHTINGS,,,,,,,,,,,,,2996,0
0,43300,DOLPHIN_SIGHTINGS,,,,,,,,,,,,,2996,0
0,43400,DOLPHIN_SIGHTINGS,,,,,,,,,,,,,2996,0
0,43500,DOLPHIN_SIGHTINGS,,,,,,,,,,,,,2996,0
0,43600,DOLPHIN_SIGHTINGS,,,,,,,,,,,,,2996,0
0,43700,DOLPHIN_SIGHTINGS,,,,,,,,,,,,,2996,0
0,43800,DOLPHIN_SIGHTINGS,,,,,,,,,,,,,2996,0
0,43900,DOLPHIN_SIGHTINGS,,,,,,,,,,,,,2996,0
0,44000,DOLPHIN_SIGHTINGS,,,,,,,,,,,,,2996,0
0,44100,DOLPHIN_SIGHTINGS,,,,,,,,,,,,,2996,0
0,44200,DOLPHIN_SIGHTINGS,,,,,,,,,,,,,2996,0
0,44300,DOLPHIN_SIGHTINGS,,,,,,,,,,,,,2997,0
0,44400,DOLPHIN_SIGHTINGS,,,,,,,,,,,,,2997,0
0,44500,DOLPHIN_SIGHTINGS,,,,,,,,,,,,,2998,0
0,44600,DOLPHIN_SIGHTINGS,,,,,,,,,,,,,2997,0
0,44700,DOLPHIN_SIGHTINGS,,,,,,,,,,,,,2997,0
0,44800,DOLPHIN_SIGHTINGS,,,,,,,,,,,,,2997,0
0,44900,DOLPHIN_SIGHTINGS,,,,,,,,,,,,,2998,0
0,45000,DOLPHIN_SIGHTINGS,,,,,,,,,,,,,2998,0
0,45100,DOLPHIN_SIGHTINGS,,,,,,,,,,,,,2998,0
0,45200,DOLPHIN_SIGHTINGS,,,,,,,,,,,,,2997,0
0,45300,DOLPHIN_SIGHTINGS,,,,,,,,,,,,,2998,0
0,45400,DOLPHIN_SIGHTINGS,,,,,,,,,,,,,2997,0
0,45500,DOLPHIN_SIGHTINGS,,,,,,,,,,,,,2997,0
0,45600,DOLPHIN_SIGHTINGS,,,,,,,,,,,,,2997,0
0,45700,DOLPHIN_SIGHTINGS,,,,,,,,,,,,,2997,0
0,45800,DOLPHIN_SIGHTINGS,,,,,,,,,,,,,2997,0
0,45900,DOLPHIN_SIGHTINGS,,,,,,,,,,,,,2998,0
0,46000,DOLPHIN_SIGHTINGS,,,,,,,,,,,,,2997,0
0,46100,DOLPHIN_SIGHTINGS,,,,,,,,,,,,,2997,0
0,46200,DOLPHIN_SIGHTINGS,,,,,,,,,,,,,2997,0
0,46300,DOLPHIN_SIGHTINGS,,,,,,,,,,,,,2997,0
0,46400,DOLPHIN_SIGHTINGS,,,,,,,,,,,,,2998,0
0,46500,DOLPHIN_SIGHTINGS,,,,,,,,,,,,,2998,0
0,46600,DOLPHIN_SIGHTINGS,,,,,,,,,,,,,2998,0
0,46700,DOLPHIN_SIGHTINGS,,,,,,,,,,,,,2998,0
0,46800,DOLPHIN_SIGHTINGS,,,,,,,,,,,,,2998,0
0,46900,DOLPHIN_SIGHTINGS,,,,,,,,,,,,,2999,0
0,47000,DOLPHIN_SIGHTINGS,,,,,,,,,,,,,2999,0
0,47100,DOLPHIN_SIGHTINGS,,,,,,,,,,,,,2999,0
0,47200,DOLPHIN_SIGHTINGS,,,,,,,,,,,,,2998,0
0,47300,DOLPHIN_SIGHTINGS,,,,,,,,,,,,,2998,0
0,47400,DOLPHIN_SIGHTINGS,,,,,,,,,,,,,2999,0
0,47500,DOLPHIN_SIGHTINGS,,,,,,,,,,,,,2999,0
0,47600,DOLPHIN_SIGHTINGS,,,,,,,,,,,,,2999,0
0,47700,DOLPHIN_SIGHTINGS,,,,,,,,,,,,,2999,0
0,47800,DOLPHIN_SIGHTINGS,,,,,,,,,,,,,2999,0
0,47900,DOLPHIN_SIGHTINGS,,,,,,,,,,,,,2999,0
0,48000,DOLPHIN_SIGHTINGS,,,,,,,,,,,,,2999,0
0,48100,DOLPHIN_SIGHTINGS,,,,,,,,,,,,,2999,0
0,48200,DOLPHIN_SIGHTINGS,,,,,,,,,,,,,2999,0
0,48300,DOLPHIN_SIGHTINGS,,,,,,,,,,,,,2999,0
0,48400,DOLPHIN_SIGHTINGS,,,,,,,,,,,,,2999,0
0,48500,DOLPHIN_SIGHTINGS,,,,,,,,,,,,,2999,0
0,48600,DOLPHIN_SIGHTINGS,,,,,,,,,,,,,2999,0
0,48700,DOLPHIN_SIGHTINGS,,,,,,,,,,,,,2999,0
0,48800,DOLPHIN_SIGHTINGS,,,,,,,,,,,,,2999,0
0,48900,DOLPHIN_SIGHTINGS,,,,,,,,,,,,,2999,0
0,49000,DOLPHIN_SIGHTINGS,,,,,,,,,,,,,2999,0
0,49100,DOLPHIN_SIGHTINGS,,,,,,,,,,,,,2999,0
0,49200,DOLPHIN_SIGHTINGS,,,,,,,,,,,,,2999,0
0,49300,DOLPHIN_SIGHTINGS,,,,,,,,,,,,,2999,0
0,49400,DOLPHIN_SIGHTINGS,,,,,,,,,,,,,3000,0
0,49500,DOLPHIN_SIGHTINGS,,,,,,,,,,,,,3000,0
0,49600,DOLPHIN_SIGHTINGS,,,,,,,,,,,,,3000,0
0,49700,DOLPHIN_SIGHTINGS,,,,,,,,,,,,,3000,0
0,49800,DOLPHIN_SIGHTINGS,,,,,,,,,,,,,3000,0
0,49900,DOLPHIN_SIGHTINGS,,,,,,,,,,,,,3000,0
0,50000,DOLPHIN_SIGHTINGS,,,,,,,,,,,,,3000,0
0,50100,DOLPHIN_SIGHTINGS,,,,,,,,,,,,,3000,0
0,50200,DOLPHIN_SIGHTINGS,,,,,,,,,,,,,3000,0
0,50300,DOLPHIN_SIGHTINGS,,,,,,,,,,,,,3000,0
0,50400,DOLPHIN_SIGHTINGS,,,,,,,,,,,,,2999,0
0,50500,DOLPHIN_SIGHTINGS,,,,,,,,,,,,,2999,0
0,50600,DOLPHIN_SIGHTINGS,,,,,,,,,,,,,2999,0
0,50700,DOLPHIN_SIGHTINGS,,,,,,,,,,,,,2999,0
0,50800,DOLPHIN_SIGHTINGS,,,,,,,,,,,,,2999,0
0,50900,DOLPHIN_SIGHTINGS,,,,,,,,,,,,,2999,0
0,51000,DOLPHIN_SIGHTINGS,,,,,,,,,,,,,2999,0
0,51100,DOLPHIN_SIGHTINGS,,,,,,,,,,,,,2999,0
0,51200,DOLPHIN_SIGHTINGS,,,,,,,,,,,,,2999,0
0,51300,DOLPHIN_SIGHTINGS,,,,,,,,,,,,,2999,0
0,51400,DOLPHIN_SIGHTINGS,,,,,,,,,,,,,2999,0
0,51500,DOLPHIN_SIGHTINGS,,,,,,,,,,,,,2999,0
0,51600,DOLPHIN_SIGHTINGS,,,,,,,,,,,,,2999,0
0,51700,DOLPHIN_SIGHTINGS,,,,,,,,,,,,,2998,0
0,51800,DOLPHIN_SIGHTINGS,,,,,,,,,,,,,2998,0
0,51900,DOLPHIN_SIGHTINGS,,,,,,,,,,,,,2998,0
0,52000,DOLPHIN_SIGHTINGS,,,,,,,,,,,,,2998,0
0,52100,DOLPHIN_SIGHTINGS,,,,,,,,,,,,,2998,0
0,52200,DOLPHIN_SIGHTINGS,,,,,,,,,,,,,2998,0
0,52300,DOLPHIN_SIGHTINGS,,,,,,,,,,,,,2998,0
0,52400,DOLPHIN_SIGHTINGS,,,,,,,,,,,,,2997,0
0,52500,DOLPHIN_SIGHTINGS,,,,,,,,,,,,,2997,0
0,52600,DOLPHIN_SIGHTINGS,,,,,,,,,,,,,2997,0
0,52700,DOLPHIN_SIGHTINGS,,,,,,,,,,,,,2997,0
0,52800,DOLPHIN_SIGHTINGS,,,,,,,,,,,,,2996,0
0,52900,DOLPHIN_SIGHTINGS,,,,,,,,,,,,,2996,0
0,53000,DOLPHIN_SIGHTINGS,,,,,,,,,,,,,2996,0
0,53100,DOLPHIN_SIGHTINGS,,,,,,,,,,,,,2996,0
0,53200,DOLPHIN_SIGHTINGS,,,,,,,,,,,,,2997,0
0,53300,DOLPHIN_SIGHTINGS,,,,,,,,,,,,,2997,0
0,53400,DOLPHIN_SIGHTINGS,,,,,,,,,,,,,2997,0
0,53500,DOLPHIN_SIGHTINGS,,,,,,,,,,,,,2998,0
0,53600,DOLPHIN_SIGHTINGS,,,,,,,,,,,,,2997,0
0,53700,DOLPHIN_SIGHTINGS,,,,,,,,,,,,,2997,0
0,53800,DOLPHIN_SIGHTINGS,,,,,,,,,,,,,2997,0
0,53900,DOLPHIN_SIGHTINGS,,,,,,,,,,,,,2998,0
0,54000,DOLPHIN_SIGHTINGS,,,,,,,,,,,,,2998,0
0,54100,DOLPHIN_SIGHTINGS,,,,,,,,,,,,,2997,0
0,54200,DOLPHIN_SIGHTINGS,,,,,,,,,,,,,2996,0
0,54300,DOLPHIN_SIGHTINGS,,,,,,,,,,,,,2997,0
0,54400,DOLPHIN_SIGHTINGS,,,,,,,,,,,,,2997,0
0,54500,DOLPHIN_SIGHTINGS,,,,,,,,,,,,,2997,0
0,54600,DOLPHIN_SIGHTINGS,,,,,,,,,,,,,2997,0
0,54700,DOLPHIN_SIGHTINGS,,,,,,,,,,,,,2996,0
0,54800,DOLPHIN_SIGHTINGS,,,,,,,,,,,,,2996,0
0,54900,DOLPHIN_SIGHTINGS,,,,,,,,,,,,,2996,0
0,55000,DOLPHIN_SIGHTINGS,,,,,,,,,,,,,2997,0
0,55100,DOLPHIN_SIGHTINGS,,,,,,,,,,,,,2997,0
0,55200,DOLPHIN_SIGHTINGS,,,,,,,,,,,,,2997,0
0,55300,DOLPHIN_SIGHTINGS,,,,,,,,,,,,,2997,0
0,55400,DOLPHIN_SIGHTINGS,,,,,,,,,,,,,2997,0
0,55500,DOLPHIN_SIGHTINGS,,,,,,,,,,,,,2997,0
0,55600,DOLPHIN_SIGHTINGS,,,,,,,,,,,,,2997,0
0,55700,DOLPHIN_SIGHTINGS,,,,,,,,,,,,,2997,0
0,55800,DOLPHIN_SIGHTINGS,,,,,,,,,,,,,2997,0
0,55900,DOLPHIN_SIGHTINGS,,,,,,,,,,,,,2997,0
0,56000,DOLPHIN_SIGHTINGS,,,,,,,,,,,,,2996,0
0,56100,DOLPHIN_SIGHTINGS,,,,,,,,,,,,,2996,0
0,56200,DOLPHIN_SIGHTINGS,,,,,,,,,,,,,2997,0
0,56300,DOLPHIN_SIGHTINGS,,,,,,,,,,,,,2996,0
0,56400,DOLPHIN_SIGHTINGS,,,,,,,,,,,,,2996,0
0,56500,DOLPHIN_SIGHTINGS,,,,,,,,,,,,,2995,0
0,56600,DOLPHIN_SIGHTINGS,,,,,,,,,,,,,2995,0
0,56700,DOLPHIN_SIGHTINGS,,,,,,,,,,,,,2995,0
0,56800,DOLPHIN_SIGHTINGS,,,,,,,,,,,,,2995,0
0,56900,DOLPHIN_SIGHTINGS,,,,,,,,,,,,,2995,0
0,57000,DOLPHIN_SIGHTINGS,,,,,,,,,,,,,2995,0
0,57100,DOLPHIN_SIGHTINGS,,,,,,,,,,,,,2995,0
0,57200,DOLPHIN_SIGHTINGS,,,,,,,,,,,,,2995,0
0,57300,DOLPHIN_SIGHTINGS,,,,,,,,,,,,,2995,0
0,57400,DOLPHIN_SIGHTINGS,,,,,,,,,,,,,2995,0
0,57500,DOLPHIN_SIGHTINGS,,,,,,,,,,,,,2995,0
0,57600,DOLPHIN_SIGHTINGS,,,,,,,,,,,,,2995,0
0,57700,DOLPHIN_SIGHTINGS,,,,,,,,,,,,,2995,0
0,57800,DOLPHIN_SIGHTINGS,,,,,,,,,,,,,2995,0
0,57900,DOLPHIN_SIGHTINGS,,,,,,,,,,,,,2995,0
0,58000,DOLPHIN_SIGHTINGS,,,,,,,,,,,,,2995,0
0,58100,DOLPHIN_SIGHTINGS,,,,,,,,,,,,,2994,0
0,58200,DOLPHIN_SIGHTINGS,,,,,,,,,,,,,2994,0
0,58300,DOLPHIN_SIGHTINGS,,,,,,,,,,,,,2994,0
0,58400,DOLPHIN_SIGHTINGS,,,,,,,,,,,,,2994,0
0,58500,DOLPHIN_SIGHTINGS,,,,,,,,,,,,,2994,0
0,58600,DOLPHIN_SIGHTINGS,,,,,,,,,,,,,2993,0
0,58700,DOLPHIN_SIGHTINGS,,,,,,,,,,,,,2993,0
0,58800,DOLPHIN_SIGHTINGS,,,,,,,,,,,,,2993,0
0,58900,DOLPHIN_SIGHTINGS,,,,,,,,,,,,,2994,0
0,59000,DOLPHIN_SIGHTINGS,,,,,,,,,,,,,2994,0
0,59100,DOLPHIN_SIGHTINGS,,,,,,,,,,,,,2994,0
0,59200,DOLPHIN_SIGHTINGS,,,,,,,,,,,,,2994,0
0,59300,DOLPHIN_SIGHTINGS,,,,,,,,,,,,,2994,0
0,59400,DOLPHIN_SIGHTINGS,,,,,,,,,,,,,2994,0
0,59500,DOLPHIN_SIGHTINGS,,,,,,,,,,,,,2994,0
0,59600,DOLPHIN_SIGHTINGS,,,,,,,,,,,,,2994,0
0,59700,DOLPHIN_SIGHTINGS,,,,,,,,,,,,,2994,0
0,59800,DOLPHIN_SIGHTINGS,,,,,,,,,,,,,2994,0
0,59900,DOLPHIN_SIGHTINGS,,,,,,,,,,,,,2994,0
0,60000,DOLPHIN_SIGHTINGS,,,,,,,,,,,,,2994,0
0,60100,DOLPHIN_SIGHTINGS,,,,,,,,,,,,,2995,0
0,60200,DOLPHIN_SIGHTINGS,,,,,,,,,,,,,2994,0
0,60300,DOLPHIN_SIGHTINGS,,,,,,,,,,,,,2995,0
0,60400,DOLPHIN_SIGHTINGS,,,,,,,,,,,,,2994,0
0,60500,DOLPHIN_SIGHTINGS,,,,,,,,,,,,,2994,0
0,60600,DOLPHIN_SIGHTINGS,,,,,,,,,,,,,2994,0
0,60700,DOLPHIN_SIGHTINGS,,,,,,,,,,,,,2994,0
0,60800,DOLPHIN_SIGHTINGS,,,,,,,,,,,,,2994,0
0,60900,DOLPHIN_SIGHTINGS,,,,,,,,,,,,,2993,0
0,61000,DOLPHIN_SIGHTINGS,,,,,,,,,,,,,2994,0
0,61100,DOLPHIN_SIGHTINGS,,,,,,,,,,,,,2994,0
0,61200,DOLPHIN_SIGHTINGS,,,,,,,,,,,,,2994,0
0,61300,DOLPHIN_SIGHTINGS,,,,,,,,,,,,,2994,0
0,61400,DOLPHIN_SIGHTINGS,,,,,,,,,,,,,2994,0
0,61500,DOLPHIN_SIGHTINGS,,,,,,,,,,,,,2994,0
0,61600,DOLPHIN_SIGHTINGS,,,,,,,,,,,,,2995,0
0,61700,DOLPHIN_SIGHTINGS,,,,,,,,,,,,,2995,0
0,61800,DOLPHIN_SIGHTINGS,,,,,,,,,,,,,2995,0
0,61900,DOLPHIN_SIGHTINGS,,,,,,,,,,,,,2995,0
0,62000,DOLPHIN_SIGHTINGS,,,,,,,,,,,,,2995,0
0,62100,DOLPHIN_SIGHTINGS,,,,,,,,,,,,,2995,0
0,62200,DOLPHIN_SIGHTINGS,,,,,,,,,,,,,2995,0
0,62300,DOLPHIN_SIGHTINGS,,,,,,,,,,,,,2995,0
0,62400,DOLPHIN_SIGHTINGS,,,,,,,,,,,,,2995,0
0,62500,DOLPHIN_SIGHTINGS,,,,,,,,,,,,,2995,0
0,62600,DOLPHIN_SIGHTINGS,,,,,,,,,,,,,2996,0
0,62700,DOLPHIN_SIGHTINGS,,,,,,,,,,,,,2996,0
0,62800,DOLPHIN_SIGHTINGS,,,,,,,,,,,,,2996,0
0,62900,DOLPHIN_SIGHTINGS,,,,,,,,,,,,,2996,0
0,63000,DOLPHIN_SIGHTINGS,,,,,,,,,,,,,2996,0
0,63100,DOLPHIN_SIGHTINGS,,,,,,,,,,,,,2996,0
0,63200,DOLPHIN_SIGHTINGS,,,,,,,,,,,,,2996,0
0,63300,DOLPHIN_SIGHTINGS,,,,,,,,,,,,,2997,0
0,63400,DOLPHIN_SIGHTINGS,,,,,,,,,,,,,2996,0
0,63500,DOLPHIN_SIGHTINGS,,,,,,,,,,,,,2996,0
0,63600,DOLPHIN_SIGHTINGS,,,,,,,,,,,,,2997,0
0,63700,DOLPHIN_SIGHTINGS,,,,,,,,,,,,,2997,0
0,63800,DOLPHIN_SIGHTINGS,,,,,,,,,,,,,2997,0
0,63900,DOLPHIN_SIGHTINGS,,,,,,,,,,,,,2997,0
0,64000,DOLPHIN_SIGHTINGS,,,,,,,,,,,,,2998,0
0,64100,DOLPHIN_SIGHTINGS,,,,,,,,,,,,,2998,0
0,64200,DOLPHIN_SIGHTINGS,,,,,,,,,,,,,2997,0
0,64300,DOLPHIN_SIGHTINGS,,,,,,,,,,,,,2997,0
0,64400,DOLPHIN_SIGHTINGS,,,,,,,,,,,,,2997,0
0,64500,DOLPHIN_SIGHTINGS,,,,,,,,,,,,,2998,0
0,64600,DOLPHIN_SIGHTINGS,,,,,,,,,,,,,2998,0
0,64700,DOLPHIN_SIGHTINGS,,,,,,,,,,,,,2998,0
0,64800,DOLPHIN_SIGHTINGS,,,,,,,,,,,,,2998,0
0,64900,DOLPHIN_SIGHTINGS,,,,,,,,,,,,,2998,0
0,65000,DOLPHIN_SIGHTINGS,,,,,,,,,,,,,2998,0
0,65100,DOLPHIN_SIGHTINGS,,,,,,,,,,,,,2998,0
0,65200,DOLPHIN_SIGHTINGS,,,,,,,,,,,,,2998,0
0,65300,DOLPHIN_SIGHTINGS,,,,,,,,,,,,,2998,0
0,65400,DOLPHIN_SIGHTINGS,,,,,,,,,,,,,2998,0
0,65500,DOLPHIN_SIGHTINGS,,,,,,,,,,,,,2998,0
0,65600,DOLPHIN_SIGHTINGS,,,,,,,,,,,,,2998,0
0,65700,DOLPHIN_SIGHTINGS,,,,,,,,,,,,,2998,0
0,65800,DOLPHIN_SIGHTINGS,,,,,,,,,,,,,2999,0
0,65900,DOLPHIN_SIGHTINGS,,,,,,,,,,,,,2999,0
0,66000,DOLPHIN_SIGHTINGS,,,,,,,,,,,,,2998,0
0,66100,DOLPHIN_SIGHTINGS,,,,,,,,,,,,,2998,0
0,66200,DOLPHIN_SIGHTINGS,,,,,,,,,,,,,2999,0
0,66300,DOLPHIN_SIGHTINGS,,,,,,,,,,,,,2999,0
0,66400,DOLPHIN_SIGHTINGS,,,,,,,,,,,,,2999,0
0,66500,DOLPHIN_SIGHTINGS,,,,,,,,,,,,,2999,0
0,66600,DOLPHIN_SIGHTINGS,,,,,,,,,,,,,2998,0
0,66700,DOLPHIN_SIGHTINGS,,,,,,,,,,,,,2998,0
0,66800,DOLPHIN_SIGHTINGS,,,,,,,,,,,,,2998,0
0,66900,DOLPHIN_SIGHTINGS,,,,,,,,,,,,,2998,0
0,67000,DOLPHIN_SIGHTINGS,,,,,,,,,,,,,2998,0
0,67100,DOLPHIN_SIGHTINGS,,,,,,,,,,,,,2998,0
0,67200,DOLPHIN_SIGHTINGS,,,,,,,,,,,,,2998,0
0,67300,DOLPHIN_SIGHTINGS,,,,,,,,,,,,,2998,0
0,67400,DOLPHIN_SIGHTINGS,,,,,,,,,,,,,2998,0
0,67500,DOLPHIN_SIGHTINGS,,,,,,,,,,,,,2998,0
0,67600,DOLPHIN_SIGHTINGS,,,,,,,,,,,,,2998,0
0,67700,DOLPHIN_SIGHTINGS,,,,,,,,,,,,,2998,0
0,67800,DOLPHIN_SIGHTINGS,,,,,,,,,,,,,2998,0
0,67900,DOLPHIN_SIGHTINGS,,,,,,,,,,,,,2998,0
0,68000,DOLPHIN_SIGHTINGS,,,,,,,,,,,,,2998,0
0,68100,DOLPHIN_SIGHTINGS,,,,,,,,,,,,,2998,0
0,68200,DOLPHIN_SIGHTINGS,,,,,,,,,,,,,2998,0
0,68300,DOLPHIN_SIGHTINGS,,,,,,,,,,,,,2998,0
0,68400,DOLPHIN_SIGHTINGS,,,,,,,,,,,,,2998,0
0,68500,DOLPHIN_SIGHTINGS,,,,,,,,,,,,,2998,0
0,68600,DOLPHIN_SIGHTINGS,,,,,,,,,,,,,2997,0
0,68700,DOLPHIN_SIGHTINGS,,,,,,,,,,,,,2997,0
0,68800,DOLPHIN_SIGHTINGS,,,,,,,,,,,,,2997,0
0,68900,DOLPHIN_SIGHTINGS,,,,,,,,,,,,,2997,0
0,69000,DOLPHIN_SIGHTINGS,,,,,,,,,,,,,2996,0
0,69100,DOLPHIN_SIGHTINGS,,,,,,,,,,,,,2996,0
0,69200,DOLPHIN_SIGHTINGS,,,,,,,,,,,,,2996,0
0,69300,DOLPHIN_SIGHTINGS,,,,,,,,,,,,,2996,0
0,69400,DOLPHIN_SIGHTINGS,,,,,,,,,,,,,2996,0
0,69500,DOLPHIN_SIGHTINGS,,,,,,,,,,,,,2996,0
0,69600,DOLPHIN_SIGHTINGS,,,,,,,,,,,,,2996,0
0,69700,DOLPHIN_SIGHTINGS,,,,,,,,,,,,,2996,0
0,69800,DOLPHIN_SIGHTINGS,,,,,,,,,,,,,2996,0
0,69900,DOLPHIN_SIGHTINGS,,,,,,,,,,,,,2996,0
0,70000,DOLPHIN_SIGHTINGS,,,,,,,,,,,,,2996,0
0,70100,DOLPHIN_SIGHTINGS,,,,,,,,,,,,,2996,0
0,70200,DOLPHIN_SIGHTINGS,,,,,,,,,,,,,2996,0
0,70300,DOLPHIN_SIGHTINGS,,,,,,,,,,,,,2996,0
0,70400,DOLPHIN_SIGHTINGS,,,,,,,,,,,,,2996,0
0,70500,DOLPHIN_SIGHTINGS,,,,,,,,,,,,,2996,0
0,70600,DOLPHIN_SIGHTINGS,,,,,,,,,,,,,2996,0
0,70700,DOLPHIN_SIGHTINGS,,,,,,,,,,,,,2997,0
0,70800,DOLPHIN_SIGHTINGS,,,,,,,,,,,,,2996,0
0,70900,DOLPHIN_SIGHTINGS,,,,,,,,,,,,,2996,0
0,71000,DOLPHIN_SIGHTINGS,,,,,,,,,,,,,2996,0
0,71100,DOLPHIN_SIGHTINGS,,,,,,,,,,,,,2996,0
0,71200,DOLPHIN_SIGHTINGS,,,,,,,,,,,,,2996,0
0,71300,DOLPHIN_SIGHTINGS,,,,,,,,,,,,,2996,0
0,71400,DOLPHIN_SIGHTINGS,,,,,,,,,,,,,2996,0
0,71500,DOLPHIN_SIGHTINGS,,,,,,,,,,,,,2995,0
0,71600,DOLPHIN_SIGHTINGS,,,,,,,,,,,,,2996,0
0,71700,DOLPHIN_SIGHTINGS,,,,,,,,,,,,,2996,0
0,71800,DOLPHIN_SIGHTINGS,,,,,,,,,,,,,2996,0
0,71900,DOLPHIN_SIGHTINGS,,,,,,,,,,,,,2996,0
0,72000,DOLPHIN_SIGHTINGS,,,,,,,,,,,,,2996,0
0,72100,DOLPHIN_SIGHTINGS,,,,,,,,,,,,,2996,0
0,72200,DOLPHIN_SIGHTINGS,,,,,,,,,,,,,2996,0
0,72300,DOLPHIN_SIGHTINGS,,,,,,,,,,,,,2997,0
0,72400,DOLPHIN_SIGHTINGS,,,,,,,,,,,,,2997,0
0,72500,DOLPHIN_SIGHTINGS,,,,,,,,,,,,,2997,0
0,72600,DOLPHIN_SIGHTINGS,,,,,,,,,,,,,2996,0
0,72700,DOLPHIN_SIGHTINGS,,,,,,,,,,,,,2997,0
0,72800,DOLPHIN_SIGHTINGS,,,,,,,,,,,,,2997,0
0,72900,DOLPHIN_SIGHTINGS,,,,,,,,,,,,,2997,0
0,73000,DOLPHIN_SIGHTINGS,,,,,,,,,,,,,2997,0
0,73100,DOLPHIN_SIGHTINGS,,,,,,,,,,,,,2997,0
0,73200,DOLPHIN_SIGHTINGS,,,,,,,,,,,,,2997,0
0,73300,DOLPHIN_SIGHTINGS,,,,,,,,,,,,,2997,0
0,73400,DOLPHIN_SIGHTINGS,,,,,,,,,,,,,2997,0
0,73500,DOLPHIN_SIGHTINGS,,,,,,,,,,,,,2997,0
0,73600,DOLPHIN_SIGHTINGS,,,,,,,,,,,,,2997,0
0,73700,DOLPHIN_SIGHTINGS,,,,,,,,,,,,,2997,0
0,73800,DOLPHIN_SIGHTINGS,,,,,,,,,,,,,2997,0
0,73900,DOLPHIN_SIGHTINGS,,,,,,,,,,,,,2997,0
0,74000,DOLPHIN_SIGHTINGS,,,,,,,,,,,,,2998,0
0,74100,DOLPHIN_SIGHTINGS,,,,,,,,,,,,,2998,0
0,74200,DOLPHIN_SIGHTINGS,,,,,,,,,,,,,2998,0
0,74300,DOLPHIN_SIGHTINGS,,,,,,,,,,,,,2998,0
0,74400,DOLPHIN_SIGHTINGS,,,,,,,,,,,,,2998,0
0,74500,DOLPHIN_SIGHTINGS,,,,,,,,,,,,,2998,0
0,74600,DOLPHIN_SIGHTINGS,,,,,,,,,,,,,2998,0
0,74700,DOLPHIN_SIGHTINGS,,,,,,,,,,,,,2998,0
0,74800,DOLPHIN_SIGHTINGS,,,,,,,,,,,,,2998,0
0,74900,DOLPHIN_SIGHTINGS,,,,,,,,,,,,,2998,0
0,75000,DOLPHIN_SIGHTINGS,,,,,,,,,,,,,2998,0
0,75100,DOLPHIN_SIGHTINGS,,,,,,,,,,,,,2997,0
0,75200,DOLPHIN_SIGHTINGS,,,,,,,,,,,,,2998,0
0,75300,DOLPHIN_SIGHTINGS,,,,,,,,,,,,,2997,0
0,75400,DOLPHIN_SIGHTINGS,,,,,,,,,,,,,2998,0
0,75500,DOLPHIN_SIGHTINGS,,,,,,,,,,,,,2998,0
0,75600,DOLPHIN_SIGHTINGS,,,,,,,,,,,,,2998,0
0,75700,DOLPHIN_SIGHTINGS,,,,,,,,,,,,,2998,0
0,75800,DOLPHIN_SIGHTINGS,,,,,,,,,,,,,2998,0
0,75900,DOLPHIN_SIGHTINGS,,,,,,,,,,,,,2998,0
0,76000,DOLPHIN_SIGHTINGS,,,,,,,,,,,,,2998,0
0,76100,DOLPHIN_SIGHTINGS,,,,,,,,,,,,,2998,0
0,76200,DOLPHIN_SIGHTINGS,,,,,,,,,,,,,2998,0
0,76300,DOLPHIN_SIGHTINGS,,,,,,,,,,,,,2998,0
0,76400,DOLPHIN_SIGHTINGS,,,,,,,,,,,,,2998,0
0,76500,DOLPHIN_SIGHTINGS,,,,,,,,,,,,,2998,0
0,76600,DOLPHIN_SIGHTINGS,,,,,,,,,,,,,2998,0
0,76700,DOLPHIN_SIGHTINGS,,,,,,,,,,,,,2998,0
0,76800,DOLPHIN_SIGHTINGS,,,,,,,,,,,,,2998,0
0,76900,DOLPHIN_SIGHTINGS,,,,,,,,,,,,,2998,0
0,77000,DOLPHIN_SIGHTINGS,,,,,,,,,,,,,2998,0
0,77100,DOLPHIN_SIGHTINGS,,,,,,,,,,,,,2998,0
0,77200,DOLPHIN_SIGHTINGS,,,,,,,,,,,,,2999,0
0,77300,DOLPHIN_SIGHTINGS,,,,,,,,,,,,,2998,0
0,77400,DOLPHIN_SIGHTINGS,,,,,,,,,,,,,2999,0
0,77500,DOLPHIN_SIGHTINGS,,,,,,,,,,,,,2999,0
0,77600,DOLPHIN_SIGHTINGS,,,,,,,,,,,,,2998,0
0,77700,DOLPHIN_SIGHTINGS,,,,,,,,,,,,,2998,0
0,77800,DOLPHIN_SIGHTINGS,,,,,,,,,,,,,2997,0
0,77900,DOLPHIN_SIGHTINGS,,,,,,,,,,,,,2997,0
0,78000,DOLPHIN_SIGHTINGS,,,,,,,,,,,,,2997,0
0,78100,DOLPHIN_SIGHTINGS,,,,,,,,,,,,,2996,0
0,78200,DOLPHIN_SIGHTINGS,,,,,,,,,,,,,2996,0
0,78300,DOLPHIN_SIGHTINGS,,,,,,,,,,,,,2996,0
0,78400,DOLPHIN_SIGHTINGS,,,,,,,,,,,,,2996,0
0,78500,DOLPHIN_SIGHTINGS,,,,,,,,,,,,,2996,0
0,78600,DOLPHIN_SIGHTINGS,,,,,,,,,,,,,2997,0
0,78700,DOLPHIN_SIGHTINGS,,,,,,,,,,,,,2997,0
0,78800,DOLPHIN_SIGHTINGS,,,,,,,,,,,,,2997,0
0,78900,DOLPHIN_SIGHTINGS,,,,,,,,,,,,,2997,0
0,79000,DOLPHIN_SIGHTINGS,,,,,,,,,,,,,2997,0
0,79100,DOLPHIN_SIGHTINGS,,,,,,,,,,,,,2996,0
0,79200,DOLPHIN_SIGHTINGS,,,,,,,,,,,,,2997,0
0,79300,DOLPHIN_SIGHTINGS,,,,,,,,,,,,,2997,0
0,79400,DOLPHIN_SIGHTINGS,,,,,,,,,,,,,2997,0
0,79500,DOLPHIN_SIGHTINGS,,,,,,,,,,,,,2997,0
0,79600,DOLPHIN_SIGHTINGS,,,,,,,,,,,,,2998,0
0,79700,DOLPHIN_SIGHTINGS,,,,,,,,,,,,,2998,0
0,79800,DOLPHIN_SIGHTINGS,,,,,,,,,,,,,2998,0
0,79900,DOLPHIN_SIGHTINGS,,,,,,,,,,,,,2997,0
0,80000,DOLPHIN_SIGHTINGS,,,,,,,,,,,,,2997,0
0,80100,DOLPHIN_SIGHTINGS,,,,,,,,,,,,,2997,0
0,80200,DOLPHIN_SIGHTINGS,,,,,,,,,,,,,2997,0
0,80300,DOLPHIN_SIGHTINGS,,,,,,,,,,,,,2998,0
0,80400,DOLPHIN_SIGHTINGS,,,,,,,,,,,,,2998,0
0,80500,DOLPHIN_SIGHTINGS,,,,,,,,,,,,,2998,0
0,80600,DOLPHIN_SIGHTINGS,,,,,,,,,,,,,2998,0
0,80700,DOLPHIN_SIGHTINGS,,,,,,,,,,,,,2999,0
0,80800,DOLPHIN_SIGHTINGS,,,,,,,,,,,,,2999,0
0,80900,DOLPHIN_SIGHTINGS,,,,,,,,,,,,,2999,0
0,81000,DOLPHIN_SIGHTINGS,,,,,,,,,,,,,2999,0
0,81100,DOLPHIN_SIGHTINGS,,,,,,,,,,,,,2999,0
0,81200,DOLPHIN_SIGHTINGS,,,,,,,,,,,,,2999,0
0,81300,DOLPHIN_SIGHTINGS,,,,,,,,,,,,,2999,0
0,81400,DOLPHIN_SIGHTINGS,,,,,,,,,,,,,2999,0
0,81500,DOLPHIN_SIGHTINGS,,,,,,,,,,,,,3000,0
0,81600,DOLPHIN_SIGHTINGS,,,,,,,,,,,,,3000,0
0,81700,DOLPHIN_SIGHTINGS,,,,,,,,,,,,,3001,0
0,81800,DOLPHIN_SIGHTINGS,,,,,,,,,,,,,3001,0
0,81900,DOLPHIN_SIGHTINGS,,,,,,,,,,,,,3001,0
0,82000,DOLPHIN_SIGHTINGS,,,,,,,,,,,,,3001,0
0,82100,DOLPHIN_SIGHTINGS,,,,,,,,,,,,,3001,0
0,82200,DOLPHIN_SIGHTINGS,,,,,,,,,,,,,3001,0
0,82300,DOLPHIN_SIGHTINGS,,,,,,,,,,,,,3001,0
0,82400,DOLPHIN_SIGHTINGS,,,,,,,,,,,,,3001,0
0,82500,DOLPHIN_SIGHTINGS,,,,,,,,,,,,,3001,0
0,82600,DOLPHIN_SIGHTINGS,,,,,,,,,,,,,3001,0
0,82700,DOLPHIN_SIGHTINGS,,,,,,,,,,,,,3001,0
0,82800,DOLPHIN_SIGHTINGS,,,,,,,,,,,,,3001,0
0,82900,DOLPHIN_SIGHTINGS,,,,,,,,,,,,,3001,0
0,83000,DOLPHIN_SIGHTINGS,,,,,,,,,,,,,3001,0
0,83100,DOLPHIN_SIGHTINGS,,,,,,,,,,,,,3001,0
0,83200,DOLPHIN_SIGHTINGS,,,,,,,,,,,,,3001,0
0,83300,DOLPHIN_SIGHTINGS,,,,,,,,,,,,,3001,0
0,83400,DOLPHIN_SIGHTINGS,,,,,,,,,,,,,3001,0
0,83500,DOLPHIN_SIGHTINGS,,,,,,,,,,,,,3001,0
0,83600,DOLPHIN_SIGHTINGS,,,,,,,,,,,,,3001,0
0,83700,DOLPHIN_SIGHTINGS,,,,,,,,,,,,,3001,0
0,83800,DOLPHIN_SIGHTINGS,,,,,,,,,,,,,3001,0
0,83900,DOLPHIN_SIGHTINGS,,,,,,,,,,,,,3000,0
0,84000,DOLPHIN_SIGHTINGS,,,,,,,,,,,,,3000,0
0,84100,DOLPHIN_SIGHTINGS,,,,,,,,,,,,,3000,0
0,84200,DOLPHIN_SIGHTINGS,,,,,,,,,,,,,3000,0
0,84300,DOLPHIN_SIGHTINGS,,,,,,,,,,,,,3000,0
0,84400,DOLPHIN_SIGHTINGS,,,,,,,,,,,,,3000,0
0,84500,DOLPHIN_SIGHTINGS,,,,,,,,,,,,,3000,0
0,84600,DOLPHIN_SIGHTINGS,,,,,,,,,,,,,3000,0
0,84700,DOLPHIN_SIGHTINGS,,,,,,,,,,,,,3000,0
0,84800,DOLPHIN_SIGHTINGS,,,,,,,,,,,,,3000,0
0,84900,DOLPHIN_SIGHTINGS,,,,,,,,,,,,,3000,0
0,85000,DOLPHIN_SIGHTINGS,,,,,,,,,,,,,3000,0
0,85100,DOLPHIN_SIGHTINGS,,,,,,,,,,,,,3000,0
0,85200,DOLPHIN_SIGHTINGS,,,,,,,,,,,,,3000,0
0,85300,DOLPHIN_SIGHTINGS,,,,,,,,,,,,,3000,0
0,85400,DOLPHIN_SIGHTINGS,,,,,,,,,,,,,3000,0
0,85500,DOLPHIN_SIGHTINGS,,,,,,,,,,,,,3000,0
0,85600,DOLPHIN_SIGHTINGS,,,,,,,,,,,,,3000,0
0,85700,DOLPHIN_SIGHTINGS,,,,,,,,,,,,,3000,0
0,85800,DOLPHIN_SIGHTINGS,,,,,,,,,,,,,2999,0
0,85900,DOLPHIN_SIGHTINGS,,,,,,,,,,,,,2999,0
0,86000,DOLPHIN_SIGHTINGS,,,,,,,,,,,,,2999,0
0,86100,DOLPHIN_SIGHTINGS,,,,,,,,,,,,,2998,0
0,86200,DOLPHIN_SIGHTINGS,,,,,,,,,,,,,2999,0
0,86300,DOLPHIN_SIGHTINGS,,,,,,,,,,,,,2999,0
0,86400,DOLPHIN_SIGHTINGS,,,,,,,,,,,,,2999,0
0,86500,DOLPHIN_SIGHTINGS,,,,,,,,,,,,,2998,0
0,86600,DOLPHIN_SIGHTINGS,,,,,,,,,,,,,2998,0
0,86700,DOLPHIN_SIGHTINGS,,,,,,,,,,,,,2998,0
0,86800,DOLPHIN_SIGHTINGS,,,,,,,,,,,,,2997,0
0,86900,DOLPHIN_SIGHTINGS,,,,,,,,,,,,,2997,0
0,87000,DOLPHIN_SIGHTINGS,,,,,,,,,,,,,2997,0
0,87100,DOLPHIN_SIGHTINGS,,,,,,,,,,,,,2997,0
0,87200,DOLPHIN_SIGHTINGS,,,,,,,,,,,,,2998,0
0,87300,DOLPHIN_SIGHTINGS,,,,,,,,,,,,,2998,0
0,87400,DOLPHIN_SIGHTINGS,,,,,,,,,,,,,2998,0
0,87500,DOLPHIN_SIGHTINGS,,,,,,,,,,,,,2998,0
0,87600,DOLPHIN_SIGHTINGS,,,,,,,,,,,,,2998,0
0,87700,DOLPHIN_SIGHTINGS,,,,,,,,,,,,,2998,0
0,87800,DOLPHIN_SIGHTINGS,,,,,,,,,,,,,2997,0
0,87900,DOLPHIN_SIGHTINGS,,,,,,,,,,,,,2998,0
0,88000,DOLPHIN_SIGHTINGS,,,,,,,,,,,,,2998,0
0,88100,DOLPHIN_SIGHTINGS,,,,,,,,,,,,,2997,0
0,88200,DOLPHIN_SIGHTINGS,,,,,,,,,,,,,2997,0
0,88300,DOLPHIN_SIGHTINGS,,,,,,,,,,,,,2997,0
0,88400,DOLPHIN_SIGHTINGS,,,,,,,,,,,,,2996,0
0,88500,DOLPHIN_SIGHTINGS,,,,,,,,,,,,,2997,0
0,88600,DOLPHIN_SIGHTINGS,,,,,,,,,,,,,2997,0
0,88700,DOLPHIN_SIGHTINGS,,,,,,,,,,,,,2997,0
0,88800,DOLPHIN_SIGHTINGS,,,,,,,,,,,,,2997,0
0,88900,DOLPHIN_SIGHTINGS,,,,,,,,,,,,,2997,0
0,89000,DOLPHIN_SIGHTINGS,,,,,,,,,,,,,2997,0
0,89100,DOLPHIN_SIGHTINGS,,,,,,,,,,,,,2997,0
0,89200,DOLPHIN_SIGHTINGS,,,,,,,,,,,,,2997,0
0,89300,DOLPHIN_SIGHTINGS,,,,,,,,,,,,,2997,0
0,89400,DOLPHIN_SIGHTINGS,,,,,,,,,,,,,2997,0
0,89500,DOLPHIN_SIGHTINGS,,,,,,,,,,,,,2996,0
0,89600,DOLPHIN_SIGHTINGS,,,,,,,,,,,,,2997,0
0,89700,DOLPHIN_SIGHTINGS,,,,,,,,,,,,,2996,0
0,89800,DOLPHIN_SIGHTINGS,,,,,,,,,,,,,2997,0
0,89900,DOLPHIN_SIGHTINGS,,,,,,,,,,,,,2997,0
0,90000,DOLPHIN_SIGHTINGS,,,,,,,,,,,,,2997,0
0,90100,DOLPHIN_SIGHTINGS,,,,,,,,,,,,,2997,0
0,90200,DOLPHIN_SIGHTINGS,,,,,,,,,,,,,2997,0
0,90300,DOLPHIN_SIGHTINGS,,,,,,,,,,,,,2997,0
0,90400,DOLPHIN_SIGHTINGS,,,,,,,,,,,,,2997,0
0,90500,DOLPHIN_SIGHTINGS,,,,,,,,,,,,,2998,0
0,90600,DOLPHIN_SIGHTINGS,,,,,,,,,,,,,2998,0
0,90700,DOLPHIN_SIGHTINGS,,,,,,,,,,,,,2998,0
0,90800,DOLPHIN_SIGHTINGS,,,,,,,,,,,,,2998,0
0,90900,DOLPHIN_SIGHTINGS,,,,,,,,,,,,,2998,0
0,91000,DOLPHIN_SIGHTINGS,,,,,,,,,,,,,2997,0
0,91100,DOLPHIN_SIGHTINGS,,,,,,,,,,,,,2998,0
0,91200,DOLPHIN_SIGHTINGS,,,,,,,,,,,,,2998,0
0,91300,DOLPHIN_SIGHTINGS,,,,,,,,,,,,,2998,0
0,91400,DOLPHIN_SIGHTINGS,,,,,,,,,,,,,2998,0
0,91500,DOLPHIN_SIGHTINGS,,,,,,,,,,,,,2997,0
0,91600,DOLPHIN_SIGHTINGS,,,,,,,,,,,,,2997,0
0,91700,DOLPHIN_SIGHTINGS,,,,,,,,,,,,,2997,0
0,91800,DOLPHIN_SIGHTINGS,,,,,,,,,,,,,2997,0
0,91900,DOLPHIN_SIGHTINGS,,,,,,,,,,,,,2997,0
0,92000,DOLPHIN_SIGHTINGS,,,,,,,,,,,,,2996,0
0,92100,DOLPHIN_SIGHTINGS,,,,,,,,,,,,,2997,0
0,92200,DOLPHIN_SIGHTINGS,,,,,,,,,,,,,2997,0
0,92300,DOLPHIN_SIGHTINGS,,,,,,,,,,,,,2997,0
0,92400,DOLPHIN_SIGHTINGS,,,,,,,,,,,,,2997,0
0,92500,DOLPHIN_SIGHTINGS,,,,,,,,,,,,,2998,0
0,92600,DOLPHIN_SIGHTINGS,,,,,,,,,,,,,2997,0
0,92700,DOLPHIN_SIGHTINGS,,,,,,,,,,,,,2997,0
0,92800,DOLPHIN_SIGHTINGS,,,,,,,,,,,,,2997,0
0,92900,DOLPHIN_SIGHTINGS,,,,,,,,,,,,,2997,0
0,93000,DOLPHIN_SIGHTINGS,,,,,,,,,,,,,2997,0
0,93100,DOLPHIN_SIGHTINGS,,,,,,,,,,,,,2997,0
0,93200,DOLPHIN_SIGHTINGS,,,,,,,,,,,,,2997,0
0,93300,DOLPHIN_SIGHTINGS,,,,,,,,,,,,,2997,0
0,93400,DOLPHIN_SIGHTINGS,,,,,,,,,,,,,2998,0
0,93500,DOLPHIN_SIGHTINGS,,,,,,,,,,,,,2997,0
0,93600,DOLPHIN_SIGHTINGS,,,,,,,,,,,,,2998,0
0,93700,DOLPHIN_SIGHTINGS,,,,,,,,,,,,,2998,0
0,93800,DOLPHIN_SIGHTINGS,,,,,,,,,,,,,2997,0
0,93900,DOLPHIN_SIGHTINGS,,,,,,,,,,,,,2998,0
0,94000,DOLPHIN_SIGHTINGS,,,,,,,,,,,,,2998,0
0,94100,DOLPHIN_SIGHTINGS,,,,,,,,,,,,,2998,0
0,94200,DOLPHIN_SIGHTINGS,,,,,,,,,,,,,2998,0
0,94300,DOLPHIN_SIGHTINGS,,,,,,,,,,,,,2998,0
0,94400,DOLPHIN_SIGHTINGS,,,,,,,,,,,,,2998,0
0,94500,DOLPHIN_SIGHTINGS,,,,,,,,,,,,,2999,0
0,94600,DOLPHIN_SIGHTINGS,,,,,,,,,,,,,2999,0
0,94700,DOLPHIN_SIGHTINGS,,,,,,,,,,,,,2998,0
0,94800,DOLPHIN_SIGHTINGS,,,,,,,,,,,,,2999,0
0,94900,DOLPHIN_SIGHTINGS,,,,,,,,,,,,,2998,0
0,95000,DOLPHIN_SIGHTINGS,,,,,,,,,,,,,2999,0
0,95100,DOLPHIN_SIGHTINGS,,,,,,,,,,,,,2998,0
0,95200,DOLPHIN_SIGHTINGS,,,,,,,,,,,,,2998,0
0,95300,DOLPHIN_SIGHTINGS,,,,,,,,,,,,,2999,0
0,95400,DOLPHIN_SIGHTINGS,,,,,,,,,,,,,2999,0
0,95500,DOLPHIN_SIGHTINGS,,,,,,,,,,,,,2999,0
0,95600,DOLPHIN_SIGHTINGS,,,,,,,,,,,,,2999,0
0,95700,DOLPHIN_SIGHTINGS,,,,,,,,,,,,,3000,0
0,95800,DOLPHIN_SIGHTINGS,,,,,,,,,,,,,2999,0
0,95900,DOLPHIN_SIGHTINGS,,,,,,,,,,,,,2999,0
0,96000,DOLPHIN_SIGHTINGS,,,,,,,,,,,,,3000,0
0,96100,DOLPHIN_SIGHTINGS,,,,,,,,,,,,,2999,0
0,96200,DOLPHIN_SIGHTINGS,,,,,,,,,,,,,2999,0
0,96300,DOLPHIN_SIGHTINGS,,,,,,,,,,,,,2999,0
0,96400,DOLPHIN_SIGHTINGS,,,,,,,,,,,,,2999,0
0,96500,DOLPHIN_SIGHTINGS,,,,,,,,,,,,,2999,0
0,96600,DOLPHIN_SIGHTINGS,,,,,,,,,,,,,3000,0
0,96700,DOLPHIN_SIGHTINGS,,,,,,,,,,,,,3000,0
0,96800,DOLPHIN_SIGHTINGS,,,,,,,,,,,,,3000,0
0,96900,DOLPHIN_SIGHTINGS,,,,,,,,,,,,,3000,0
0,97000,DOLPHIN_SIGHTINGS,,,,,,,,,,,,,3000,0
0,97100,DOLPHIN_SIGHTINGS,,,,,,,,,,,,,3000,0
0,97200,DOLPHIN_SIGHTINGS,,,,,,,,,,,,,3000,0
0,97300,DOLPHIN_SIGHTINGS,,,,,,,,,,,,,3000,0
0,97400,DOLPHIN_SIGHTINGS,,,,,,,,,,,,,3000,0
0,97500,DOLPHIN_SIGHTINGS,,,,,,,,,,,,,3001,0
0,97600,DOLPHIN_SIGHTINGS,,,,,,,,,,,,,3001,0
0,97700,DOLPHIN_SIGHTINGS,,,,,,,,,,,,,3001,0
0,97800,DOLPHIN_SIGHTINGS,,,,,,,,,,,,,3001,0
0,97900,DOLPHIN_SIGHTINGS,,,,,,,,,,,,,3001,0
0,98000,DOLPHIN_SIGHTINGS,,,,,,,,,,,,,3001,0
0,98100,DOLPHIN_SIGHTINGS,,,,,,,,,,,,,3001,0
0,98200,DOLPHIN_SIGHTINGS,,,,,,,,,,,,,3001,0
0,98300,DOLPHIN_SIGHTINGS,,,,,,,,,,,,,3000,0
0,98400,DOLPHIN_SIGHTINGS,,,,,,,,,,,,,3000,0
0,98500,DOLPHIN_SIGHTINGS,,,,,,,,,,,,,3000,0
0,98600,DOLPHIN_SIGHTINGS,,,,,,,,,,,,,3000,0
0,98700,DOLPHIN_SIGHTINGS,,,,,,,,,,,,,3000,0
0,98800,DOLPHIN_SIGHTINGS,,,,,,,,,,,,,3000,0
0,98900,DOLPHIN_SIGHTINGS,,,,,,,,,,,,,3000,0
0,99000,DOLPHIN_SIGHTINGS,,,,,,,,,,,,,3000,0
0,99100,DOLPHIN_SIGHTINGS,,,,,,,,,,,,,3001,0
0,99200,DOLPHIN_SIGHTINGS,,,,,,,,,,,,,3001,0
0,99300,DOLPHIN_SIGHTINGS,,,,,,,,,,,,,3000,0
0,99400,DOLPHIN_SIGHTINGS,,,,,,,,,,,,,3001,0
0,99500,DOLPHIN_SIGHTINGS,,,,,,,,,,,,,3000,0
0,99600,DOLPHIN_SIGHTINGS,,,,,,,,,,,,,3001,0
0,99700,DOLPHIN_SIGHTINGS,,,,,,,,,,,,,3000,0
0,99800,DOLPHIN_SIGHTINGS,,,,,,,,,,,,,3000,0
0,99900,DOLPHIN_SIGHTINGS,,,,,,,,,,,,,3000,0
0,100000,DOLPHIN_SIGHTINGS,,,,,,,,,,,,,3000,0
0,100100,DOLPHIN_SIGHTINGS,,,,,,,,,,,,,3000,0
0,100200,DOLPHIN_SIGHTINGS,,,,,,,,,,,,,3000,0
0,100300,DOLPHIN_SIGHTINGS,,,,,,,,,,,,,3000,0
0,100400,DOLPHIN_SIGHTINGS,,,,,,,,,,,,,3001,0
0,100500,DOLPHIN_SIGHTINGS,,,,,,,,,,,,,3001,0
0,100600,DOLPHIN_SIGHTINGS,,,,,,,,,,,,,3001,0
0,100700,DOLPHIN_SIGHTINGS,,,,,,,,,,,,,3001,0
0,100800,DOLPHIN_SIGHTINGS,,,,,,,,,,,,,3000,0
0,100900,DOLPHIN_SIGHTINGS,,,,,,,,,,,,,3000,0
0,101000,DOLPHIN_SIGHTINGS,,,,,,,,,,,,,3000,0
0,101100,DOLPHIN_SIGHTINGS,,,,,,,,,,,,,3000,0
0,101200,DOLPHIN_SIGHTINGS,,,,,,,,,,,,,3000,0
0,101300,DOLPHIN_SIGHTINGS,,,,,,,,,,,,,3000,0
0,101400,DOLPHIN_SIGHTINGS,,,,,,,,,,,,,3000,0
0,101500,DOLPHIN_SIGHTINGS,,,,,,,,,,,,,3000,0
0,101600,DOLPHIN_SIGHTINGS,,,,,,,,,,,,,3000,0
0,101700,DOLPHIN_SIGHTINGS,,,,,,,,,,,,,3001,0
0,101800,DOLPHIN_SIGHTINGS,,,,,,,,,,,,,3001,0
0,101900,DOLPHIN_SIGHTINGS,,,,,,,,,,,,,3001,0
0,102000,DOLPHIN_SIGHTINGS,,,,,,,,,,,,,3001,0
0,102100,DOLPHIN_SIGHTINGS,,,,,,,,,,,,,3001,0
0,102200,DOLPHIN_SIGHTINGS,,,,,,,,,,,,,3001,0
0,102300,DOLPHIN_SIGHTINGS,,,,,,,,,,,,,3002,0
0,102400,DOLPHIN_SIGHTINGS,,,,,,,,,,,,,3002,0
0,102500,DOLPHIN_SIGHTINGS,,,,,,,,,,,,,3002,0
0,102600,DOLPHIN_SIGHTINGS,,,,,,,,,,,,,3002,0
0,102700,DOLPHIN_SIGHTINGS,,,,,,,,,,,,,3002,0
0,102800,DOLPHIN_SIGHTINGS,,,,,,,,,,,,,3002,0
0,102900,DOLPHIN_SIGHTINGS,,,,,,,,,,,,,3003,0
0,103000,DOLPHIN_SIGHTINGS,,,,,,,,,,,,,3003,0
0,103100,DOLPHIN_SIGHTINGS,,,,,,,,,,,,,3002,0
0,103200,DOLPHIN_SIGHTINGS,,,,,,,,,,,,,3002,0
0,103300,DOLPHIN_SIGHTINGS,,,,,,,,,,,,,3003,0
0,103400,DOLPHIN_SIGHTINGS,,,,,,,,,,,,,3003,0
0,103500,DOLPHIN_SIGHTINGS,,,,,,,,,,,,,3003,0
0,103600,DOLPHIN_SIGHTINGS,,,,,,,,,,,,,3003,0
0,103700,DOLPHIN_SIGHTINGS,,,,,,,,,,,,,3003,0
0,103800,DOLPHIN_SIGHTINGS,,,,,,,,,,,,,3003,0
0,103900,DOLPHIN_SIGHTINGS,,,,,,,,,,,,,3003,0
0,104000,DOLPHIN_SIGHTINGS,,,,,,,,,,,,,3003,0
0,104100,DOLPHIN_SIGHTINGS,,,,,,,,,,,,,3003,0
0,104200,DOLPHIN_SIGHTINGS,,,,,,,,,,,,,3003,0
0,104300,DOLPHIN_SIGHTINGS,,,,,,,,,,,,,3003,0
0,104400,DOLPHIN_SIGHTINGS,,,,,,,,,,,,,3003,0
0,104500,DOLPHIN_SIGHTINGS,,,,,,,,,,,,,3003,0
0,104600,DOLPHIN_SIGHTINGS,,,,,,,,,,,,,3002,0
0,104700,DOLPHIN_SIGHTINGS,,,,,,,,,,,,,3003,0
0,104800,DOLPHIN_SIGHTINGS,,,,,,,,,,,,,3003,0
0,104900,DOLPHIN_SIGHTINGS,,,,,,,,,,,,,3003,0
0,105000,DOLPHIN_SIGHTINGS,,,,,,,,,,,,,3003,0
0,105100,DOLPHIN_SIGHTINGS,,,,,,,,,,,,,3003,0
0,105200,DOLPHIN_SIGHTINGS,,,,,,,,,,,,,3003,0
0,105300,DOLPHIN_SIGHTINGS,,,,,,,,,,,,,3003,0
0,105400,DOLPHIN_SIGHTINGS,,,,,,,,,,,,,3003,0
0,105500,DOLPHIN_SIGHTINGS,,,,,,,,,,,,,3002,0
0,105600,DOLPHIN_SIGHTINGS,,,,,,,,,,,,,3002,0
0,105700,DOLPHIN_SIGHTINGS,,,,,,,,,,,,,3002,0
0,105800,DOLPHIN_SIGHTINGS,,,,,,,,,,,,,3002,0
0,105900,DOLPHIN_SIGHTINGS,,,,,,,,,,,,,3003,0
0,106000,DOLPHIN_SIGHTINGS,,,,,,,,,,,,,3003,0
0,106100,DOLPHIN_SIGHTINGS,,,,,,,,,,,,,3003,0
0,106200,DOLPHIN_SIGHTINGS,,,,,,,,,,,,,3003,0
0,106300,DOLPHIN_SIGHTINGS,,,,,,,,,,,,,3003,0
0,106400,DOLPHIN_SIGHTINGS,,,,,,,,,,,,,3002,0
0,106500,DOLPHIN_SIGHTINGS,,,,,,,,,,,,,3003,0
0,106600,DOLPHIN_SIGHTINGS,,,,,,,,,,,,,3003,0
0,106700,DOLPHIN_SIGHTINGS,,,,,,,,,,,,,3003,0
0,106800,DOLPHIN_SIGHTINGS,,,,,,,,,,,,,3003,0
0,106900,DOLPHIN_SIGHTINGS,,,,,,,,,,,,,3004,0
0,107000,DOLPHIN_SIGHTINGS,,,,,,,,,,,,,3004,0
0,107100,DOLPHIN_SIGHTINGS,,,,,,,,,,,,,3004,0
0,107200,DOLPHIN_SIGHTINGS,,,,,,,,,,,,,3004,0
0,107300,DOLPHIN_SIGHTINGS,,,,,,,,,,,,,3004,0
0,107400,DOLPHIN_SIGHTINGS,,,,,,,,,,,,,3004,0
0,107500,DOLPHIN_SIGHTINGS,,,,,,,,,,,,,3004,0
0,107600,DOLPHIN_SIGHTINGS,,,,,,,,,,,,,3004,0
0,107700,DOLPHIN_SIGHTINGS,,,,,,,,,,,,,3004,0
0,107800,DOLPHIN_SIGHTINGS,,,,,,,,,,,,,3004,0
0,107900,DOLPHIN_SIGHTINGS,,,,,,,,,,,,,3004,0
0,108000,DOLPHIN_SIGHTINGS,,,,,,,,,,,,,3004,0
0,108100,DOLPHIN_SIGHTINGS,,,,,,,,,,,,,3004,0
0,108200,DOLPHIN_SIGHTINGS,,,,,,,,,,,,,3004,0
0,108300,DOLPHIN_SIGHTINGS,,,,,,,,,,,,,3004,0
0,108400,DOLPHIN_SIGHTINGS,,,,,,,,,,,,,3004,0
0,108500,DOLPHIN_SIGHTINGS,,,,,,,,,,,,,3004,0
0,108600,DOLPHIN_SIGHTINGS,,,,,,,,,,,,,3004,0
0,108700,DOLPHIN_SIGHTINGS,,,,,,,,,,,,,3004,0
0,108800,DOLPHIN_SIGHTINGS,,,,,,,,,,,,,3005,0
0,108900,DOLPHIN_SIGHTINGS,,,,,,,,,,,,,3005,0
0,109000,DOLPHIN_SIGHTINGS,,,,,,,,,,,,,3005,0
0,109100,DOLPHIN_SIGHTINGS,,,,,,,,,,,,,3004,0
0,109200,DOLPHIN_SIGHTINGS,,,,,,,,,,,,,3004,0
0,109300,DOLPHIN_SIGHTINGS,,,,,,,,,,,,,3004,0
0,109400,DOLPHIN_SIGHTINGS,,,,,,,,,,,,,3004,0
0,109500,DOLPHIN_SIGHTINGS,,,,,,,,,,,,,3004,0
0,109600,DOLPHIN_SIGHTINGS,,,,,,,,,,,,,3004,0
0,109700,DOLPHIN_SIGHTINGS,,,,,,,,,,,,,3004,0
0,109800,DOLPHIN_SIGHTINGS,,,,,,,,,,,,,3004,0
0,109900,DOLPHIN_SIGHTINGS,,,,,,,,,,,,,3005,0
0,110000,DOLPHIN_SIGHTINGS,,,,,,,,,,,,,3004,0
0,110100,DOLPHIN_SIGHTINGS,,,,,,,,,,,,,3004,0
0,110200,DOLPHIN_SIGHTINGS,,,,,,,,,,,,,3004,0
0,110300,DOLPHIN_SIGHTINGS,,,,,,,,,,,,,3004,0
0,110400,DOLPHIN_SIGHTINGS,,,,,,,,,,,,,3003,0
0,110500,DOLPHIN_SIGHTINGS,,,,,,,,,,,,,3003,0
0,110600,DOLPHIN_SIGHTINGS,,,,,,,,,,,,,3003,0
0,110700,DOLPHIN_SIGHTINGS,,,,,,,,,,,,,3003,0
0,110800,DOLPHIN_SIGHTINGS,,,,,,,,,,,,,3003,0
0,110900,DOLPHIN_SIGHTINGS,,,,,,,,,,,,,3003,0
0,111000,DOLPHIN_SIGHTINGS,,,,,,,,,,,,,3003,0
0,111100,DOLPHIN_SIGHTINGS,,,,,,,,,,,,,3003,0
0,111200,DOLPHIN_SIGHTINGS,,,,,,,,,,,,,3003,0
0,111300,DOLPHIN_SIGHTINGS,,,,,,,,,,,,,3003,0
0,111400,DOLPHIN_SIGHTINGS,,,,,,,,,,,,,3003,0
0,111500,DOLPHIN_SIGHTINGS,,,,,,,,,,,,,3003,0
0,111600,DOLPHIN_SIGHTINGS,,,,,,,,,,,,,3003,0
0,111700,DOLPHIN_SIGHTINGS,,,,,,,,,,,,,3004,0
0,111800,DOLPHIN_SIGHTINGS,,,,,,,,,,,,,3004,0
0,111900,DOLPHIN_SIGHTINGS,,,,,,,,,,,,,3004,0
0,112000,DOLPHIN_SIGHTINGS,,,,,,,,,,,,,3004,0
0,112100,DOLPHIN_SIGHTINGS,,,,,,,,,,,,,3004,0
0,112200,DOLPHIN_SIGHTINGS,,,,,,,,,,,,,3005,0
0,112300,DOLPHIN_SIGHTINGS,,,,,,,,,,,,,3005,0
0,112400,DOLPHIN_SIGHTINGS,,,,,,,,,,,,,3005,0
0,112500,DOLPHIN_SIGHTINGS,,,,,,,,,,,,,3005,0
0,112600,DOLPHIN_SIGHTINGS,,,,,,,,,,,,,3005,0
0,112700,DOLPHIN_SIGHTINGS,,,,,,,,,,,,,3005,0
0,112800,DOLPHIN_SIGHTINGS,,,,,,,,,,,,,3005,0
0,112900,DOLPHIN_SIGHTINGS,,,,,,,,,,,,,3005,0
0,113000,DOLPHIN_SIGHTINGS,,,,,,,,,,,,,3005,0
0,113100,DOLPHIN_SIGHTINGS,,,,,,,,,,,,,3005,0
0,113200,DOLPHIN_SIGHTINGS,,,,,,,,,,,,,3005,0
0,113300,DOLPHIN_SIGHTINGS,,,,,,,,,,,,,3005,0
0,113400,DOLPHIN_SIGHTINGS,,,,,,,,,,,,,3005,0
0,113500,DOLPHIN_SIGHTINGS,,,,,,,,,,,,,3005,0
0,113600,DOLPHIN_SIGHTINGS,,,,,,,,,,,,,3005,0
0,113700,DOLPHIN_SIGHTINGS,,,,,,,,,,,,,3005,0
0,113800,DOLPHIN_SIGHTINGS,,,,,,,,,,,,,3005,0
0,113900,DOLPHIN_SIGHTINGS,,,,,,,,,,,,,3006,0
0,114000,DOLPHIN_SIGHTINGS,,,,,,,,,,,,,3005,0
0,114100,DOLPHIN_SIGHTINGS,,,,,,,,,,,,,3005,0
0,114200,DOLPHIN_SIGHTINGS,,,,,,,,,,,,,3006,0
0,114300,DOLPHIN_SIGHTINGS,,,,,,,,,,,,,3006,0
0,114400,DOLPHIN_SIGHTINGS,,,,,,,,,,,,,3006,0
0,114500,DOLPHIN_SIGHTINGS,,,,,,,,,,,,,3006,0
0,114600,DOLPHIN_SIGHTINGS,,,,,,,,,,,,,3006,0
0,114700,DOLPHIN_SIGHTINGS,,,,,,,,,,,,,3006,0
0,114800,DOLPHIN_SIGHTINGS,,,,,,,,,,,,,3006,0
0,114900,DOLPHIN_SIGHTINGS,,,,,,,,,,,,,3006,0
0,115000,DOLPHIN_SIGHTINGS,,,,,,,,,,,,,3006,0
0,115100,DOLPHIN_SIGHTINGS,,,,,,,,,,,,,3006,0
0,115200,DOLPHIN_SIGHTINGS,,,,,,,,,,,,,3006,0
0,115300,DOLPHIN_SIGHTINGS,,,,,,,,,,,,,3006,0
0,115400,DOLPHIN_SIGHTINGS,,,,,,,,,,,,,3006,0
0,115500,DOLPHIN_SIGHTINGS,,,,,,,,,,,,,3006,0
0,115600,DOLPHIN_SIGHTINGS,,,,,,,,,,,,,3006,0
0,115700,DOLPHIN_SIGHTINGS,,,,,,,,,,,,,3006,0
0,115800,DOLPHIN_SIGHTINGS,,,,,,,,,,,,,3007,0
0,115900,DOLPHIN_SIGHTINGS,,,,,,,,,,,,,3006,0
0,116000,DOLPHIN_SIGHTINGS,,,,,,,,,,,,,3007,0
0,116100,DOLPHIN_SIGHTINGS,,,,,,,,,,,,,3006,0
0,116200,DOLPHIN_SIGHTINGS,,,,,,,,,,,,,3006,0
0,116300,DOLPHIN_SIGHTINGS,,,,,,,,,,,,,3006,0
0,116400,DOLPHIN_SIGHTINGS,,,,,,,,,,,,,3006,0
0,116500,DOLPHIN_SIGHTINGS,,,,,,,,,,,,,3006,0
0,116600,DOLPHIN_SIGHTINGS,,,,,,,,,,,,,3005,0
0,116700,DOLPHIN_SIGHTINGS,,,,,,,,,,,,,3006,0
0,116800,DOLPHIN_SIGHTINGS,,,,,,,,,,,,,3006,0
0,116900,DOLPHIN_SIGHTINGS,,,,,,,,,,,,,3006,0
0,117000,DOLPHIN_SIGHTINGS,,,,,,,,,,,,,3006,0
0,117100,DOLPHIN_SIGHTINGS,,,,,,,,,,,,,3006,0
0,117200,DOLPHIN_SIGHTINGS,,,,,,,,,,,,,3006,0
0,117300,DOLPHIN_SIGHTINGS,,,,,,,,,,,,,3006,0
0,117400,DOLPHIN_SIGHTINGS,,,,,,,,,,,,,3006,0
0,117500,DOLPHIN_SIGHTINGS,,,,,,,,,,,,,3006,0
0,117600,DOLPHIN_SIGHTINGS,,,,,,,,,,,,,3006,0
0,117700,DOLPHIN_SIGHTINGS,,,,,,,,,,,,,3005,0
0,117800,DOLPHIN_SIGHTINGS,,,,,,,,,,,,,3005,0
0,117900,DOLPHIN_SIGHTINGS,,,,,,,,,,,,,3005,0
0,118000,DOLPHIN_SIGHTINGS,,,,,,,,,,,,,3005,0
0,118100,DOLPHIN_SIGHTINGS,,,,,,,,,,,,,3006,0
0,118200,DOLPHIN_SIGHTINGS,,,,,,,,,,,,,3006,0
0,118300,DOLPHIN_SIGHTINGS,,,,,,,,,,,,,3006,0
0,118400,DOLPHIN_SIGHTINGS,,,,,,,,,,,,,3006,0
0,118500,DOLPHIN_SIGHTINGS,,,,,,,,,,,,,3006,0
0,118600,DOLPHIN_SIGHTINGS,,,,,,,,,,,,,3007,0
0,118700,DOLPHIN_SIGHTINGS,,,,,,,,,,,,,3007,0
0,118800,DOLPHIN_SIGHTINGS,,,,,,,,,,,,,3007,0
0,118900,DOLPHIN_SIGHTINGS,,,,,,,,,,,,,3007,0
0,119000,DOLPHIN_SIGHTINGS,,,,,,,,,,,,,3007,0
0,119100,DOLPHIN_SIGHTINGS,,,,,,,,,,,,,3007,0
0,119200,DOLPHIN_SIGHTINGS,,,,,,,,,,,,,3007,0
0,119300,DOLPHIN_SIGHTINGS,,,,,,,,,,,,,3007,0
0,119400,DOLPHIN_SIGHTINGS,,,,,,,,,,,,,3008,0
0,119500,DOLPHIN_SIGHTINGS,,,,,,,,,,,,,3008,0
0,119600,DOLPHIN_SIGHTINGS,,,,,,,,,,,,,3008,0
0,119700,DOLPHIN_SIGHTINGS,,,,,,,,,,,,,3008,0
0,119800,DOLPHIN_SIGHTINGS,,,,,,,,,,,,,3008,0
0,119900,DOLPHIN_SIGHTINGS,,,,,,,,,,,,,3008,0
0,120000,DOLPHIN_SIGHTINGS,,,,,,,,,,,,,3008,0
0,120100,DOLPHIN_SIGHTINGS,,,,,,,,,,,,,3008,0
0,120200,DOLPHIN_SIGHTINGS,,,,,,,,,,,,,3007,0
0,120300,DOLPHIN_SIGHTINGS,,,,,,,,,,,,,3007,0
0,120400,DOLPHIN_SIGHTINGS,,,,,,,,,,,,,3007,0
0,120500,DOLPHIN_SIGHTINGS,,,,,,,,,,,,,3008,0
0,120600,DOLPHIN_SIGHTINGS,,,,,,,,,,,,,3007,0
0,120700,DOLPHIN_SIGHTINGS,,,,,,,,,,,,,3008,0
0,120800,DOLPHIN_SIGHTINGS,,,,,,,,,,,,,3008,0
0,120900,DOLPHIN_SIGHTINGS,,,,,,,,,,,,,3008,0
0,121000,DOLPHIN_SIGHTINGS,,,,,,,,,,,,,3008,0
0,121100,DOLPHIN_SIGHTINGS,,,,,,,,,,,,,3008,0
0,121200,DOLPHIN_SIGHTINGS,,,,,,,,,,,,,3008,0
0,121300,DOLPHIN_SIGHTINGS,,,,,,,,,,,,,3008,0
0,121400,DOLPHIN_SIGHTINGS,,,,,,,,,,,,,3007,0
0,121500,DOLPHIN_SIGHTINGS,,,,,,,,,,,,,3007,0
0,121600,DOLPHIN_SIGHTINGS,,,,,,,,,,,,,3007,0
0,121700,DOLPHIN_SIGHTINGS,,,,,,,,,,,,,3008,0
0,121800,DOLPHIN_SIGHTINGS,,,,,,,,,,,,,3008,0
0,121900,DOLPHIN_SIGHTINGS,,,,,,,,,,,,,3008,0
0,122000,DOLPHIN_SIGHTINGS,,,,,,,,,,,,,3008,0
0,122100,DOLPHIN_SIGHTINGS,,,,,,,,,,,,,3008,0
0,122200,DOLPHIN_SIGHTINGS,,,,,,,,,,,,,3008,0
0,122300,DOLPHIN_SIGHTINGS,,,,,,,,,,,,,3009,0
0,122400,DOLPHIN_SIGHTINGS,,,,,,,,,,,,,3009,0
0,122500,DOLPHIN_SIGHTINGS,,,,,,,,,,,,,3008,0
0,122600,DOLPHIN_SIGHTINGS,,,,,,,,,,,,,3008,0
0,122700,DOLPHIN_SIGHTINGS,,,,,,,,,,,,,3008,0
0,122800,DOLPHIN_SIGHTINGS,,,,,,,,,,,,,3007,0
0,122900,DOLPHIN_SIGHTINGS,,,,,,,,,,,,,3007,0
0,123000,DOLPHIN_SIGHTINGS,,,,,,,,,,,,,3007,0
0,123100,DOLPHIN_SIGHTINGS,,,,,,,,,,,,,3007,0
0,123200,DOLPHIN_SIGHTINGS,,,,,,,,,,,,,3007,0
0,123300,DOLPHIN_SIGHTINGS,,,,,,,,,,,,,3007,0
0,123400,DOLPHIN_SIGHTINGS,,,,,,,,,,,,,3007,0
0,123500,DOLPHIN_SIGHTINGS,,,,,,,,,,,,,3007,0
0,123600,DOLPHIN_SIGHTINGS,,,,,,,,,,,,,3007,0
0,123700,DOLPHIN_SIGHTINGS,,,,,,,,,,,,,3007,0
0,123800,DOLPHIN_SIGHTINGS,,,,,,,,,,,,,3007,0
0,123900,DOLPHIN_SIGHTINGS,,,,,,,,,,,,,3007,0
0,124000,DOLPHIN_SIGHTINGS,,,,,,,,,,,,,3007,0
0,124100,DOLPHIN_SIGHTINGS,,,,,,,,,,,,,3007,0
0,124200,DOLPHIN_SIGHTINGS,,,,,,,,,,,,,3007,0
0,124300,DOLPHIN_SIGHTINGS,,,,,,,,,,,,,3007,0
0,124400,DOLPHIN_SIGHTINGS,,,,,,,,,,,,,3007,0
0,124500,DOLPHIN_SIGHTINGS,,,,,,,,,,,,,3008,0
0,124600,DOLPHIN_SIGHTINGS,,,,,,,,,,,,,3008,0
0,124700,DOLPHIN_SIGHTINGS,,,,,,,,,,,,,3008,0
0,124800,DOLPHIN_SIGHTINGS,,,,,,,,,,,,,3008,0
0,124900,DOLPHIN_SIGHTINGS,,,,,,,,,,,,,3008,0
0,125000,DOLPHIN_SIGHTINGS,,,,,,,,,,,,,3008,0
0,125100,DOLPHIN_SIGHTINGS,,,,,,,,,,,,,3008,0
0,125200,DOLPHIN_SIGHTINGS,,,,,,,,,,,,,3008,0
0,125300,DOLPHIN_SIGHTINGS,,,,,,,,,,,,,3007,0
0,125400,DOLPHIN_SIGHTINGS,,,,,,,,,,,,,3007,0
0,125500,DOLPHIN_SIGHTINGS,,,,,,,,,,,,,3007,0
0,125600,DOLPHIN_SIGHTINGS,,,,,,,,,,,,,3007,0
0,125700,DOLPHIN_SIGHTINGS,,,,,,,,,,,,,3007,0
0,125800,DOLPHIN_SIGHTINGS,,,,,,,,,,,,,3007,0
0,125900,DOLPHIN_SIGHTINGS,,,,,,,,,,,,,3007,0
0,126000,DOLPHIN_SIGHTINGS,,,,,,,,,,,,,3007,0
0,126100,DOLPHIN_SIGHTINGS,,,,,,,,,,,,,3007,0
0,126200,DOLPHIN_SIGHTINGS,,,,,,,,,,,,,3007,0
0,126300,DOLPHIN_SIGHTINGS,,,,,,,,,,,,,3007,0
0,126400,DOLPHIN_SIGHTINGS,,,,,,,,,,,,,3007,0
0,126500,DOLPHIN_SIGHTINGS,,,,,,,,,,,,,3007,0
0,126600,DOLPHIN_SIGHTINGS,,,,,,,,,,,,,3007,0
0,126700,DOLPHIN_SIGHTINGS,,,,,,,,,,,,,3007,0
0,126800,DOLPHIN_SIGHTINGS,,,,,,,,,,,,,3007,0
0,126900,DOLPHIN_SIGHTINGS,,,,,,,,,,,,,3008,0
0,127000,DOLPHIN_SIGHTINGS,,,,,,,,,,,,,3008,0
0,127100,DOLPHIN_SIGHTINGS,,,,,,,,,,,,,3008,0
0,127200,DOLPHIN_SIGHTINGS,,,,,,,,,,,,,3007,0
0,127300,DOLPHIN_SIGHTINGS,,,,,,,,,,,,,3007,0
0,127400,DOLPHIN_SIGHTINGS,,,,,,,,,,,,,3007,0
0,127500,DOLPHIN_SIGHTINGS,,,,,,,,,,,,,3008,0
0,127600,DOLPHIN_SIGHTINGS,,,,,,,,,,,,,3008,0
0,127700,DOLPHIN_SIGHTINGS,,,,,,,,,,,,,3008,0
0,127800,DOLPHIN_SIGHTINGS,,,,,,,,,,,,,3008,0
0,127900,DOLPHIN_SIGHTINGS,,,,,,,,,,,,,3008,0
0,128000,DOLPHIN_SIGHTINGS,,,,,,,,,,,,,3008,0
0,128100,DOLPHIN_SIGHTINGS,,,,,,,,,,,,,3008,0
0,128200,DOLPHIN_SIGHTINGS,,,,,,,,,,,,,3008,0
0,128300,DOLPHIN_SIGHTINGS,,,,,,,,,,,,,3008,0
0,128400,DOLPHIN_SIGHTINGS,,,,,,,,,,,,,3007,0
0,128500,DOLPHIN_SIGHTINGS,,,,,,,,,,,,,3007,0
0,128600,DOLPHIN_SIGHTINGS,,,,,,,,,,,,,3007,0
0,128700,DOLPHIN_SIGHTINGS,,,,,,,,,,,,,3007,0
0,128800,DOLPHIN_SIGHTINGS,,,,,,,,,,,,,3006,0
0,128900,DOLPHIN_SIGHTINGS,,,,,,,,,,,,,3006,0
0,129000,DOLPHIN_SIGHTINGS,,,,,,,,,,,,,3006,0
0,129100,DOLPHIN_SIGHTINGS,,,,,,,,,,,,,3006,0
0,129200,DOLPHIN_SIGHTINGS,,,,,,,,,,,,,3006,0
0,129300,DOLPHIN_SIGHTINGS,,,,,,,,,,,,,3006,0
0,129400,DOLPHIN_SIGHTINGS,,,,,,,,,,,,,3006,0
0,129500,DOLPHIN_SIGHTINGS,,,,,,,,,,,,,3007,0
0,129600,DOLPHIN_SIGHTINGS,,,,,,,,,,,,,3007,0
0,129700,DOLPHIN_SIGHTINGS,,,,,,,,,,,,,3007,0
0,129800,DOLPHIN_SIGHTINGS,,,,,,,,,,,,,3007,0
0,129900,DOLPHIN_SIGHTINGS,,,,,,,,,,,,,3007,0
0,130000,DOLPHIN_SIGHTINGS,,,,,,,,,,,,,3006,0
0,130100,DOLPHIN_SIGHTINGS,,,,,,,,,,,,,3006,0
0,130200,DOLPHIN_SIGHTINGS,,,,,,,,,,,,,3007,0
0,130300,DOLPHIN_SIGHTINGS,,,,,,,,,,,,,3007,0
0,130400,DOLPHIN_SIGHTINGS,,,,,,,,,,,,,3007,0
0,130500,DOLPHIN_SIGHTINGS,,,,,,,,,,,,,3006,0
0,130600,DOLPHIN_SIGHTINGS,,,,,,,,,,,,,3006,0
0,130700,DOLPHIN_SIGHTINGS,,,,,,,,,,,,,3006,0
0,130800,DOLPHIN_SIGHTINGS,,,,,,,,,,,,,3006,0
0,130900,DOLPHIN_SIGHTINGS,,,,,,,,,,,,,3006,0
0,131000,DOLPHIN_SIGHTINGS,,,,,,,,,,,,,3007,0
0,131100,DOLPHIN_SIGHTINGS,,,,,,,,,,,,,3007,0
0,131200,DOLPHIN_SIGHTINGS,,,,,,,,,,,,,3007,0
0,131300,DOLPHIN_SIGHTINGS,,,,,,,,,,,,,3007,0
0,131400,DOLPHIN_SIGHTINGS,,,,,,,,,,,,,3007,0
0,131500,DOLPHIN_SIGHTINGS,,,,,,,,,,,,,3007,0
0,131600,DOLPHIN_SIGHTINGS,,,,,,,,,,,,,3007,0
0,131700,DOLPHIN_SIGHTINGS,,,,,,,,,,,,,3007,0
0,131800,DOLPHIN_SIGHTINGS,,,,,,,,,,,,,3006,0
0,131900,DOLPHIN_SIGHTINGS,,,,,,,,,,,,,3007,0
0,132000,DOLPHIN_SIGHTINGS,,,,,,,,,,,,,3007,0
0,132100,DOLPHIN_SIGHTINGS,,,,,,,,,,,,,3007,0
0,132200,DOLPHIN_SIGHTINGS,,,,,,,,,,,,,3007,0
0,132300,DOLPHIN_SIGHTINGS,,,,,,,,,,,,,3007,0
0,132400,DOLPHIN_SIGHTINGS,,,,,,,,,,,,,3008,0
0,132500,DOLPHIN_SIGHTINGS,,,,,,,,,,,,,3008,0
0,132600,DOLPHIN_SIGHTINGS,,,,,,,,,,,,,3008,0
0,132700,DOLPHIN_SIGHTINGS,,,,,,,,,,,,,3008,0
0,132800,DOLPHIN_SIGHTINGS,,,,,,,,,,,,,3008,0
0,132900,DOLPHIN_SIGHTINGS,,,,,,,,,,,,,3008,0
0,133000,DOLPHIN_SIGHTINGS,,,,,,,,,,,,,3008,0
0,133100,DOLPHIN_SIGHTINGS,,,,,,,,,,,,,3009,0
0,133200,DOLPHIN_SIGHTINGS,,,,,,,,,,,,,3009,0
0,133300,DOLPHIN_SIGHTINGS,,,,,,,,,,,,,3009,0
0,133400,DOLPHIN_SIGHTINGS,,,,,,,,,,,,,3009,0
0,133500,DOLPHIN_SIGHTINGS,,,,,,,,,,,,,3009,0
0,133600,DOLPHIN_SIGHTINGS,,,,,,,,,,,,,3009,0
0,133700,DOLPHIN_SIGHTINGS,,,,,,,,,,,,,3009,0
0,133800,DOLPHIN_SIGHTINGS,,,,,,,,,,,,,3009,0
0,133900,DOLPHIN_SIGHTINGS,,,,,,,,,,,,,3009,0
0,134000,DOLPHIN_SIGHTINGS,,,,,,,,,,,,,3009,0
0,134100,DOLPHIN_SIGHTINGS,,,,,,,,,,,,,3009,0
0,134200,DOLPHIN_SIGHTINGS,,,,,,,,,,,,,3009,0
0,134300,DOLPHIN_SIGHTINGS,,,,,,,,,,,,,3009,0
0,134400,DOLPHIN_SIGHTINGS,,,,,,,,,,,,,3009,0
0,134500,DOLPHIN_SIGHTINGS,,,,,,,,,,,,,3009,0
0,134600,DOLPHIN_SIGHTINGS,,,,,,,,,,,,,3008,0
0,134700,DOLPHIN_SIGHTINGS,,,,,,,,,,,,,3008,0
0,134800,DOLPHIN_SIGHTINGS,,,,,,,,,,,,,3009,0
0,134900,DOLPHIN_SIGHTINGS,,,,,,,,,,,,,3009,0
0,135000,DOLPHIN_SIGHTINGS,,,,,,,,,,,,,3009,0
0,135100,DOLPHIN_SIGHTINGS,,,,,,,,,,,,,3009,0
0,135200,DOLPHIN_SIGHTINGS,,,,,,,,,,,,,3009,0
0,135300,DOLPHIN_SIGHTINGS,,,,,,,,,,,,,3009,0
0,135400,DOLPHIN_SIGHTINGS,,,,,,,,,,,,,3009,0
0,135500,DOLPHIN_SIGHTINGS,,,,,,,,,,,,,3010,0
0,135600,DOLPHIN_SIGHTINGS,,,,,,,,,,,,,3009,0
0,135700,DOLPHIN_SIGHTINGS,,,,,,,,,,,,,3009,0
0,135800,DOLPHIN_SIGHTINGS,,,,,,,,,,,,,3009,0
0,135900,DOLPHIN_SIGHTINGS,,,,,,,,,,,,,3009,0
0,136000,DOLPHIN_SIGHTINGS,,,,,,,,,,,,,3009,0
0,136100,DOLPHIN_SIGHTINGS,,,,,,,,,,,,,3009,0
0,136200,DOLPHIN_SIGHTINGS,,,,,,,,,,,,,3010,0
0,136300,DOLPHIN_SIGHTINGS,,,,,,,,,,,,,3010,0
0,136400,DOLPHIN_SIGHTINGS,,,,,,,,,,,,,3010,0
0,136500,DOLPHIN_SIGHTINGS,,,,,,,,,,,,,3011,0
0,136600,DOLPHIN_SIGHTINGS,,,,,,,,,,,,,3011,0
0,136700,DOLPHIN_SIGHTINGS,,,,,,,,,,,,,3011,0
0,136800,DOLPHIN_SIGHTINGS,,,,,,,,,,,,,3011,0
0,136900,DOLPHIN_SIGHTINGS,,,,,,,,,,,,,3011,0
0,137000,DOLPHIN_SIGHTINGS,,,,,,,,,,,,,3011,0
0,137100,DOLPHIN_SIGHTINGS,,,,,,,,,,,,,3011,0
0,137200,DOLPHIN_SIGHTINGS,,,,,,,,,,,,,3011,0
0,137300,DOLPHIN_SIGHTINGS,,,,,,,,,,,,,3011,0
0,137400,DOLPHIN_SIGHTINGS,,,,,,,,,,,,,3010,0
0,137500,DOLPHIN_SIGHTINGS,,,,,,,,,,,,,3010,0
0,137600,DOLPHIN_SIGHTINGS,,,,,,,,,,,,,3010,0
0,137700,DOLPHIN_SIGHTINGS,,,,,,,,,,,,,3010,0
0,137800,DOLPHIN_SIGHTINGS,,,,,,,,,,,,,3010,0
0,137900,DOLPHIN_SIGHTINGS,,,,,,,,,,,,,3010,0
0,138000,DOLPHIN_SIGHTINGS,,,,,,,,,,,,,3010,0
0,138100,DOLPHIN_SIGHTINGS,,,,,,,,,,,,,3010,0
0,138200,DOLPHIN_SIGHTINGS,,,,,,,,,,,,,3010,0
0,138300,DOLPHIN_SIGHTINGS,,,,,,,,,,,,,3011,0
0,138400,DOLPHIN_SIGHTINGS,,,,,,,,,,,,,3011,0
0,138500,DOLPHIN_SIGHTINGS,,,,,,,,,,,,,3010,0
0,138600,DOLPHIN_SIGHTINGS,,,,,,,,,,,,,3010,0
0,138700,DOLPHIN_SIGHTINGS,,,,,,,,,,,,,3010,0
0,138800,DOLPHIN_SIGHTINGS,,,,,,,,,,,,,3009,0
0,138900,DOLPHIN_SIGHTINGS,,,,,,,,,,,,,3009,0
0,139000,DOLPHIN_SIGHTINGS,,,,,,,,,,,,,3009,0
0,139100,DOLPHIN_SIGHTINGS,,,,,,,,,,,,,3009,0
0,139200,DOLPHIN_SIGHTINGS,,,,,,,,,,,,,3009,0
0,139300,DOLPHIN_SIGHTINGS,,,,,,,,,,,,,3009,0
0,139400,DOLPHIN_SIGHTINGS,,,,,,,,,,,,,3009,0
0,139500,DOLPHIN_SIGHTINGS,,,,,,,,,,,,,3009,0
0,139600,DOLPHIN_SIGHTINGS,,,,,,,,,,,,,3009,0
0,139700,DOLPHIN_SIGHTINGS,,,,,,,,,,,,,3008,0
0,139800,DOLPHIN_SIGHTINGS,,,,,,,,,,,,,3008,0
0,139900,DOLPHIN_SIGHTINGS,,,,,,,,,,,,,3008,0
0,140000,DOLPHIN_SIGHTINGS,,,,,,,,,,,,,3008,0
0,140100,DOLPHIN_SIGHTINGS,,,,,,,,,,,,,3007,0
0,140200,DOLPHIN_SIGHTINGS,,,,,,,,,,,,,3007,0
0,140300,DOLPHIN_SIGHTINGS,,,,,,,,,,,,,3007,0
0,140400,DOLPHIN_SIGHTINGS,,,,,,,,,,,,,3008,0
0,140500,DOLPHIN_SIGHTINGS,,,,,,,,,,,,,3008,0
0,140600,DOLPHIN_SIGHTINGS,,,,,,,,,,,,,3008,0
0,140700,DOLPHIN_SIGHTINGS,,,,,,,,,,,,,3008,0
0,140800,DOLPHIN_SIGHTINGS,,,,,,,,,,,,,3008,0
0,140900,DOLPHIN_SIGHTINGS,,,,,,,,,,,,,3008,0
0,141000,DOLPHIN_SIGHTINGS,,,,,,,,,,,,,3009,0
0,141100,DOLPHIN_SIGHTINGS,,,,,,,,,,,,,3008,0
0,141200,DOLPHIN_SIGHTINGS,,,,,,,,,,,,,3008,0
0,141300,DOLPHIN_SIGHTINGS,,,,,,,,,,,,,3008,0
0,141400,DOLPHIN_SIGHTINGS,,,,,,,,,,,,,3009,0
0,141500,DOLPHIN_SIGHTINGS,,,,,,,,,,,,,3008,0
0,141600,DOLPHIN_SIGHTINGS,,,,,,,,,,,,,3008,0
0,141700,DOLPHIN_SIGHTINGS,,,,,,,,,,,,,3008,0
0,141800,DOLPHIN_SIGHTINGS,,,,,,,,,,,,,3008,0
0,141900,DOLPHIN_SIGHTINGS,,,,,,,,,,,,,3008,0
0,142000,DOLPHIN_SIGHTINGS,,,,,,,,,,,,,3008,0
0,142100,DOLPHIN_SIGHTINGS,,,,,,,,,,,,,3008,0
0,142200,DOLPHIN_SIGHTINGS,,,,,,,,,,,,,3008,0
0,142300,DOLPHIN_SIGHTINGS,,,,,,,,,,,,,3008,0
0,142400,DOLPHIN_SIGHTINGS,,,,,,,,,,,,,3008,0
0,142500,DOLPHIN_SIGHTINGS,,,,,,,,,,,,,3008,0
0,142600,DOLPHIN_SIGHTINGS,,,,,,,,,,,,,3008,0
0,142700,DOLPHIN_SIGHTINGS,,,,,,,,,,,,,3008,0
0,142800,DOLPHIN_SIGHTINGS,,,,,,,,,,,,,3008,0
0,142900,DOLPHIN_SIGHTINGS,,,,,,,,,,,,,3008,0
0,143000,DOLPHIN_SIGHTINGS,,,,,,,,,,,,,3008,0
0,143100,DOLPHIN_SIGHTINGS,,,,,,,,,,,,,3009,0
0,143200,DOLPHIN_SIGHTINGS,,,,,,,,,,,,,3009,0
0,143300,DOLPHIN_SIGHTINGS,,,,,,,,,,,,,3009,0
0,143400,DOLPHIN_SIGHTINGS,,,,,,,,,,,,,3009,0
0,143500,DOLPHIN_SIGHTINGS,,,,,,,,,,,,,3009,0
0,143600,DOLPHIN_SIGHTINGS,,,,,,,,,,,,,3009,0
0,143700,DOLPHIN_SIGHTINGS,,,,,,,,,,,,,3009,0
0,143800,DOLPHIN_SIGHTINGS,,,,,,,,,,,,,3009,0
0,143900,DOLPHIN_SIGHTINGS,,,,,,,,,,,,,3010,0
0,144000,DOLPHIN_SIGHTINGS,,,,,,,,,,,,,3009,0
0,144100,DOLPHIN_SIGHTINGS,,,,,,,,,,,,,3009,0
0,144200,DOLPHIN_SIGHTINGS,,,,,,,,,,,,,3009,0
0,144300,DOLPHIN_SIGHTINGS,,,,,,,,,,,,,3009,0
0,144400,DOLPHIN_SIGHTINGS,,,,,,,,,,,,,3010,0
0,144500,DOLPHIN_SIGHTINGS,,,,,,,,,,,,,3010,0
0,144600,DOLPHIN_SIGHTINGS,,,,,,,,,,,,,3010,0
0,144700,DOLPHIN_SIGHTINGS,,,,,,,,,,,,,3010,0
0,144800,DOLPHIN_SIGHTINGS,,,,,,,,,,,,,3010,0
0,144900,DOLPHIN_SIGHTINGS,,,,,,,,,,,,,3010,0
0,145000,DOLPHIN_SIGHTINGS,,,,,,,,,,,,,3010,0
0,145100,DOLPHIN_SIGHTINGS,,,,,,,,,,,,,3010,0
0,145200,DOLPHIN_SIGHTINGS,,,,,,,,,,,,,3010,0
0,145300,DOLPHIN_SIGHTINGS,,,,,,,,,,,,,3010,0
0,145400,DOLPHIN_SIGHTINGS,,,,,,,,,,,,,3010,0
0,145500,DOLPHIN_SIGHTINGS,,,,,,,,,,,,,3009,0
0,145600,DOLPHIN_SIGHTINGS,,,,,,,,,,,,,3010,0
0,145700,DOLPHIN_SIGHTINGS,,,,,,,,,,,,,3010,0
0,145800,DOLPHIN_SIGHTINGS,,,,,,,,,,,,,3010,0
0,145900,DOLPHIN_SIGHTINGS,,,,,,,,,,,,,3009,0
0,146000,DOLPHIN_SIGHTINGS,,,,,,,,,,,,,3009,0
0,146100,DOLPHIN_SIGHTINGS,,,,,,,,,,,,,3009,0
0,146200,DOLPHIN_SIGHTINGS,,,,,,,,,,,,,3009,0
0,146300,DOLPHIN_SIGHTINGS,,,,,,,,,,,,,3010,0
0,146400,DOLPHIN_SIGHTINGS,,,,,,,,,,,,,3009,0
0,146500,DOLPHIN_SIGHTINGS,,,,,,,,,,,,,3009,0
0,146600,DOLPHIN_SIGHTINGS,,,,,,,,,,,,,3009,0
0,146700,DOLPHIN_SIGHTINGS,,,,,,,,,,,,,3009,0
0,146800,DOLPHIN_SIGHTINGS,,,,,,,,,,,,,3008,0
0,146900,DOLPHIN_SIGHTINGS,,,,,,,,,,,,,3009,0
0,147000,DOLPHIN_SIGHTINGS,,,,,,,,,,,,,3009,0
0,147100,DOLPHIN_SIGHTINGS,,,,,,,,,,,,,3009,0
0,147200,DOLPHIN_SIGHTINGS,,,,,,,,,,,,,3008,0
0,147300,DOLPHIN_SIGHTINGS,,,,,,,,,,,,,3008,0
0,147400,DOLPHIN_SIGHTINGS,,,,,,,,,,,,,3009,0
0,147500,DOLPHIN_SIGHTINGS,,,,,,,,,,,,,3008,0
0,147600,DOLPHIN_SIGHTINGS,,,,,,,,,,,,,3008,0
0,147700,DOLPHIN_SIGHTINGS,,,,,,,,,,,,,3008,0
0,147800,DOLPHIN_SIGHTINGS,,,,,,,,,,,,,3008,0
0,147900,DOLPHIN_SIGHTINGS,,,,,,,,,,,,,3008,0
0,148000,DOLPHIN_SIGHTINGS,,,,,,,,,,,,,3008,0
0,148100,DOLPHIN_SIGHTINGS,,,,,,,,,,,,,3008,0
0,148200,DOLPHIN_SIGHTINGS,,,,,,,,,,,,,3008,0
0,148300,DOLPHIN_SIGHTINGS,,,,,,,,,,,,,3008,0
0,148400,DOLPHIN_SIGHTINGS,,,,,,,,,,,,,3008,0
0,148500,DOLPHIN_SIGHTINGS,,,,,,,,,,,,,3008,0
0,148600,DOLPHIN_SIGHTINGS,,,,,,,,,,,,,3008,0
0,148700,DOLPHIN_SIGHTINGS,,,,,,,,,,,,,3008,0
0,148800,DOLPHIN_SIGHTINGS,,,,,,,,,,,,,3008,0
0,148900,DOLPHIN_SIGHTINGS,,,,,,,,,,,,,3007,0
0,149000,DOLPHIN_SIGHTINGS,,,,,,,,,,,,,3008,0
0,149100,DOLPHIN_SIGHTINGS,,,,,,,,,,,,,3007,0
0,149200,DOLPHIN_SIGHTINGS,,,,,,,,,,,,,3008,0
0,149300,DOLPHIN_SIGHTINGS,,,,,,,,,,,,,3008,0
0,149400,DOLPHIN_SIGHTINGS,,,,,,,,,,,,,3008,0
0,149500,DOLPHIN_SIGHTINGS,,,,,,,,,,,,,3007,0
0,149600,DOLPHIN_SIGHTINGS,,,,,,,,,,,,,3007,0
0,149700,DOLPHIN_SIGHTINGS,,,,,,,,,,,,,3007,0
0,149800,DOLPHIN_SIGHTINGS,,,,,,,,,,,,,3007,0
0,149900,DOLPHIN_SIGHTINGS,,,,,,,,,,,,,3007,0
0,150000,DOLPHIN_SIGHTINGS,,,,,,,,,,,,,3007,0
0,150100,DOLPHIN_SIGHTINGS,,,,,,,,,,,,,3007,0
0,150200,DOLPHIN_SIGHTINGS,,,,,,,,,,,,,3008,0
0,150300,DOLPHIN_SIGHTINGS,,,,,,,,,,,,,3008,0
0,150400,DOLPHIN_SIGHTINGS,,,,,,,,,,,,,3008,0
0,150500,DOLPHIN_SIGHTINGS,,,,,,,,,,,,,3008,0
0,150600,DOLPHIN_SIGHTINGS,,,,,,,,,,,,,3008,0
0,150700,DOLPHIN_SIGHTINGS,,,,,,,,,,,,,3008,0
0,150800,DOLPHIN_SIGHTINGS,,,,,,,,,,,,,3008,0
0,150900,DOLPHIN_SIGHTINGS,,,,,,,,,,,,,3008,0
0,151000,DOLPHIN_SIGHTINGS,,,,,,,,,,,,,3008,0
0,151100,DOLPHIN_SIGHTINGS,,,,,,,,,,,,,3008,0
0,151200,DOLPHIN_SIGHTINGS,,,,,,,,,,,,,3008,0
0,151300,DOLPHIN_SIGHTINGS,,,,,,,,,,,,,3008,0
0,151400,DOLPHIN_SIGHTINGS,,,,,,,,,,,,,3008,0
0,151500,DOLPHIN_SIGHTINGS,,,,,,,,,,,,,3008,0
0,151600,DOLPHIN_SIGHTINGS,,,,,,,,,,,,,3008,0
0,151700,DOLPHIN_SIGHTINGS,,,,,,,,,,,,,3009,0
0,151800,DOLPHIN_SIGHTINGS,,,,,,,,,,,,,3009,0
0,151900,DOLPHIN_SIGHTINGS,,,,,,,,,,,,,3008,0
0,152000,DOLPHIN_SIGHTINGS,,,,,,,,,,,,,3008,0
0,152100,DOLPHIN_SIGHTINGS,,,,,,,,,,,,,3008,0
0,152200,DOLPHIN_SIGHTINGS,,,,,,,,,,,,,3008,0
0,152300,DOLPHIN_SIGHTINGS,,,,,,,,,,,,,3008,0
0,152400,DOLPHIN_SIGHTINGS,,,,,,,,,,,,,3008,0
0,152500,DOLPHIN_SIGHTINGS,,,,,,,,,,,,,3008,0
0,152600,DOLPHIN_SIGHTINGS,,,,,,,,,,,,,3008,0
0,152700,DOLPHIN_SIGHTINGS,,,,,,,,,,,,,3008,0
0,152800,DOLPHIN_SIGHTINGS,,,,,,,,,,,,,3008,0
0,152900,DOLPHIN_SIGHTINGS,,,,,,,,,,,,,3008,0
0,153000,DOLPHIN_SIGHTINGS,,,,,,,,,,,,,3008,0
0,153100,DOLPHIN_SIGHTINGS,,,,,,,,,,,,,3008,0
0,153200,DOLPHIN_SIGHTINGS,,,,,,,,,,,,,3008,0
0,153300,DOLPHIN_SIGHTINGS,,,,,,,,,,,,,3007,0
0,153400,DOLPHIN_SIGHTINGS,,,,,,,,,,,,,3008,0
0,153500,DOLPHIN_SIGHTINGS,,,,,,,,,,,,,3008,0
0,153600,DOLPHIN_SIGHTINGS,,,,,,,,,,,,,3007,0
0,153700,DOLPHIN_SIGHTINGS,,,,,,,,,,,,,3008,0
0,153800,DOLPHIN_SIGHTINGS,,,,,,,,,,,,,3009,0
0,153900,DOLPHIN_SIGHTINGS,,,,,,,,,,,,,3008,0
0,154000,DOLPHIN_SIGHTINGS,,,,,,,,,,,,,3008,0
0,154100,DOLPHIN_SIGHTINGS,,,,,,,,,,,,,3008,0
0,154200,DOLPHIN_SIGHTINGS,,,,,,,,,,,,,3008,0
0,154300,DOLPHIN_SIGHTINGS,,,,,,,,,,,,,3008,0
0,154400,DOLPHIN_SIGHTINGS,,,,,,,,,,,,,3009,0
0,154500,DOLPHIN_SIGHTINGS,,,,,,,,,,,,,3009,0
0,154600,DOLPHIN_SIGHTINGS,,,,,,,,,,,,,3009,0
0,154700,DOLPHIN_SIGHTINGS,,,,,,,,,,,,,3008,0
0,154800,DOLPHIN_SIGHTINGS,,,,,,,,,,,,,3008,0
0,154900,DOLPHIN_SIGHTINGS,,,,,,,,,,,,,3008,0
0,155000,DOLPHIN_SIGHTINGS,,,,,,,,,,,,,3008,0
0,155100,DOLPHIN_SIGHTINGS,,,,,,,,,,,,,3008,0
0,155200,DOLPHIN_SIGHTINGS,,,,,,,,,,,,,3008,0
0,155300,DOLPHIN_SIGHTINGS,,,,,,,,,,,,,3008,0
0,155400,DOLPHIN_SIGHTINGS,,,,,,,,,,,,,3008,0
0,155500,DOLPHIN_SIGHTINGS,,,,,,,,,,,,,3008,0
0,155600,DOLPHIN_SIGHTINGS,,,,,,,,,,,,,3008,0
0,155700,DOLPHIN_SIGHTINGS,,,,,,,,,,,,,3008,0
0,155800,DOLPHIN_SIGHTINGS,,,,,,,,,,,,,3008,0
0,155900,DOLPHIN_SIGHTINGS,,,,,,,,,,,,,3008,0
0,156000,DOLPHIN_SIGHTINGS,,,,,,,,,,,,,3008,0
0,156100,DOLPHIN_SIGHTINGS,,,,,,,,,,,,,3008,0
0,156200,DOLPHIN_SIGHTINGS,,,,,,,,,,,,,3008,0
0,156300,DOLPHIN_SIGHTINGS,,,,,,,,,,,,,3008,0
0,156400,DOLPHIN_SIGHTINGS,,,,,,,,,,,,,3008,0
0,156500,DOLPHIN_SIGHTINGS,,,,,,,,,,,,,3007,0
0,156600,DOLPHIN_SIGHTINGS,,,,,,,,,,,,,3007,0
0,156700,DOLPHIN_SIGHTINGS,,,,,,,,,,,,,3007,0
0,156800,DOLPHIN_SIGHTINGS,,,,,,,,,,,,,3007,0
0,156900,DOLPHIN_SIGHTINGS,,,,,,,,,,,,,3007,0
0,157000,DOLPHIN_SIGHTINGS,,,,,,,,,,,,,3007,0
0,157100,DOLPHIN_SIGHTINGS,,,,,,,,,,,,,3007,0
0,157200,DOLPHIN_SIGHTINGS,,,,,,,,,,,,,3007,0
0,157300,DOLPHIN_SIGHTINGS,,,,,,,,,,,,,3007,0
0,157400,DOLPHIN_SIGHTINGS,,,,,,,,,,,,,3007,0
0,157500,DOLPHIN_SIGHTINGS,,,,,,,,,,,,,3007,0
0,157600,DOLPHIN_SIGHTINGS,,,,,,,,,,,,,3007,0
0,157700,DOLPHIN_SIGHTINGS,,,,,,,,,,,,,3007,0
0,157800,DOLPHIN_SIGHTINGS,,,,,,,,,,,,,3007,0
0,157900,DOLPHIN_SIGHTINGS,,,,,,,,,,,,,3007,0
0,158000,DOLPHIN_SIGHTINGS,,,,,,,,,,,,,3007,0
0,158100,DOLPHIN_SIGHTINGS,,,,,,,,,,,,,3007,0
0,158200,DOLPHIN_SIGHTINGS,,,,,,,,,,,,,3007,0
0,158300,DOLPHIN_SIGHTINGS,,,,,,,,,,,,,3007,0
0,158400,DOLPHIN_SIGHTINGS,,,,,,,,,,,,,3007,0
0,158500,DOLPHIN_SIGHTINGS,,,,,,,,,,,,,3007,0
0,158600,DOLPHIN_SIGHTINGS,,,,,,,,,,,,,3007,0
0,158700,DOLPHIN_SIGHTINGS,,,,,,,,,,,,,3007,0
0,158800,DOLPHIN_SIGHTINGS,,,,,,,,,,,,,3007,0
0,158900,DOLPHIN_SIGHTINGS,,,,,,,,,,,,,3007,0
0,159000,DOLPHIN_SIGHTINGS,,,,,,,,,,,,,3007,0
0,159100,DOLPHIN_SIGHTINGS,,,,,,,,,,,,,3007,0
0,159200,DOLPHIN_SIGHTINGS,,,,,,,,,,,,,3007,0
0,159300,DOLPHIN_SIGHTINGS,,,,,,,,,,,,,3006,0
0,159400,DOLPHIN_SIGHTINGS,,,,,,,,,,,,,3006,0
0,159500,DOLPHIN_SIGHTINGS,,,,,,,,,,,,,3006,0
0,159600,DOLPHIN_SIGHTINGS,,,,,,,,,,,,,3006,0
0,159700,DOLPHIN_SIGHTINGS,,,,,,,,,,,,,3005,0
0,159800,DOLPHIN_SIGHTINGS,,,,,,,,,,,,,3005,0
0,159900,DOLPHIN_SIGHTINGS,,,,,,,,,,,,,3006,0
0,160000,DOLPHIN_SIGHTINGS,,,,,,,,,,,,,3006,0
0,160100,DOLPHIN_SIGHTINGS,,,,,,,,,,,,,3006,0
0,160200,DOLPHIN_SIGHTINGS,,,,,,,,,,,,,3006,0
0,160300,DOLPHIN_SIGHTINGS,,,,,,,,,,,,,3006,0
0,160400,DOLPHIN_SIGHTINGS,,,,,,,,,,,,,3006,0
0,160500,DOLPHIN_SIGHTINGS,,,,,,,,,,,,,3006,0
0,160600,DOLPHIN_SIGHTINGS,,,,,,,,,,,,,3006,0
0,160700,DOLPHIN_SIGHTINGS,,,,,,,,,,,,,3005,0
0,160800,DOLPHIN_SIGHTINGS,,,,,,,,,,,,,3005,0
0,160900,DOLPHIN_SIGHTINGS,,,,,,,,,,,,,3005,0
0,161000,DOLPHIN_SIGHTINGS,,,,,,,,,,,,,3005,0
0,161100,DOLPHIN_SIGHTINGS,,,,,,,,,,,,,3005,0
0,161200,DOLPHIN_SIGHTINGS,,,,,,,,,,,,,3005,0
0,161300,DOLPHIN_SIGHTINGS,,,,,,,,,,,,,3005,0
0,161400,DOLPHIN_SIGHTINGS,,,,,,,,,,,,,3006,0
0,161500,DOLPHIN_SIGHTINGS,,,,,,,,,,,,,3005,0
0,161600,DOLPHIN_SIGHTINGS,,,,,,,,,,,,,3005,0
0,161700,DOLPHIN_SIGHTINGS,,,,,,,,,,,,,3005,0
0,161800,DOLPHIN_SIGHTINGS,,,,,,,,,,,,,3005,0
0,161900,DOLPHIN_SIGHTINGS,,,,,,,,,,,,,3005,0
0,162000,DOLPHIN_SIGHTINGS,,,,,,,,,,,,,3005,0
0,162100,DOLPHIN_SIGHTINGS,,,,,,,,,,,,,3005,0
0,162200,DOLPHIN_SIGHTINGS,,,,,,,,,,,,,3005,0
0,162300,DOLPHIN_SIGHTINGS,,,,,,,,,,,,,3006,0
0,162400,DOLPHIN_SIGHTINGS,,,,,,,,,,,,,3006,0
0,162500,DOLPHIN_SIGHTINGS,,,,,,,,,,,,,3006,0
0,162600,DOLPHIN_SIGHTINGS,,,,,,,,,,,,,3006,0
0,162700,DOLPHIN_SIGHTINGS,,,,,,,,,,,,,3006,0
0,162800,DOLPHIN_SIGHTINGS,,,,,,,,,,,,,3006,0
0,162900,DOLPHIN_SIGHTINGS,,,,,,,,,,,,,3006,0
0,163000,DOLPHIN_SIGHTINGS,,,,,,,,,,,,,3006,0
0,163100,DOLPHIN_SIGHTINGS,,,,,,,,,,,,,3006,0
0,163200,DOLPHIN_SIGHTINGS,,,,,,,,,,,,,3006,0
0,163300,DOLPHIN_SIGHTINGS,,,,,,,,,,,,,3006,0
0,163400,DOLPHIN_SIGHTINGS,,,,,,,,,,,,,3006,0
0,163500,DOLPHIN_SIGHTINGS,,,,,,,,,,,,,3006,0
0,163600,DOLPHIN_SIGHTINGS,,,,,,,,,,,,,3006,0
0,163700,DOLPHIN_SIGHTINGS,,,,,,,,,,,,,3006,0
0,163800,DOLPHIN_SIGHTINGS,,,,,,,,,,,,,3006,0
0,163900,DOLPHIN_SIGHTINGS,,,,,,,,,,,,,3006,0
0,164000,DOLPHIN_SIGHTINGS,,,,,,,,,,,,,3006,0
0,164100,DOLPHIN_SIGHTINGS,,,,,,,,,,,,,3006,0
0,164200,DOLPHIN_SIGHTINGS,,,,,,,,,,,,,3006,0
0,164300,DOLPHIN_SIGHTINGS,,,,,,,,,,,,,3007,0
0,164400,DOLPHIN_SIGHTINGS,,,,,,,,,,,,,3007,0
0,164500,DOLPHIN_SIGHTINGS,,,,,,,,,,,,,3006,0
0,164600,DOLPHIN_SIGHTINGS,,,,,,,,,,,,,3007,0
0,164700,DOLPHIN_SIGHTINGS,,,,,,,,,,,,,3007,0
0,164800,DOLPHIN_SIGHTINGS,,,,,,,,,,,,,3007,0
0,164900,DOLPHIN_SIGHTINGS,,,,,,,,,,,,,3007,0
0,165000,DOLPHIN_SIGHTINGS,,,,,,,,,,,,,3008,0
0,165100,DOLPHIN_SIGHTINGS,,,,,,,,,,,,,3008,0
0,165200,DOLPHIN_SIGHTINGS,,,,,,,,,,,,,3008,0
0,165300,DOLPHIN_SIGHTINGS,,,,,,,,,,,,,3008,0
0,165400,DOLPHIN_SIGHTINGS,,,,,,,,,,,,,3009,0
0,165500,DOLPHIN_SIGHTINGS,,,,,,,,,,,,,3009,0
0,165600,DOLPHIN_SIGHTINGS,,,,,,,,,,,,,3009,0
0,165700,DOLPHIN_SIGHTINGS,,,,,,,,,,,,,3009,0
0,165800,DOLPHIN_SIGHTINGS,,,,,,,,,,,,,3009,0
0,165900,DOLPHIN_SIGHTINGS,,,,,,,,,,,,,3008,0
0,166000,DOLPHIN_SIGHTINGS,,,,,,,,,,,,,3009,0
0,166100,DOLPHIN_SIGHTINGS,,,,,,,,,,,,,3009,0
0,166200,DOLPHIN_SIGHTINGS,,,,,,,,,,,,,3009,0
0,166300,DOLPHIN_SIGHTINGS,,,,,,,,,,,,,3008,0
0,166400,DOLPHIN_SIGHTINGS,,,,,,,,,,,,,3008,0
0,166500,DOLPHIN_SIGHTINGS,,,,,,,,,,,,,3009,0
0,166600,DOLPHIN_SIGHTINGS,,,,,,,,,,,,,3008,0
0,166700,DOLPHIN_SIGHTINGS,,,,,,,,,,,,,3009,0
0,166800,DOLPHIN_SIGHTINGS,,,,,,,,,,,,,3009,0
0,166900,DOLPHIN_SIGHTINGS,,,,,,,,,,,,,3009,0
0,167000,DOLPHIN_SIGHTINGS,,,,,,,,,,,,,3008,0
0,167100,DOLPHIN_SIGHTINGS,,,,,,,,,,,,,3008,0
0,167200,DOLPHIN_SIGHTINGS,,,,,,,,,,,,,3008,0
0,167300,DOLPHIN_SIGHTINGS,,,,,,,,,,,,,3009,0
0,167400,DOLPHIN_SIGHTINGS,,,,,,,,,,,,,3009,0
0,167500,DOLPHIN_SIGHTINGS,,,,,,,,,,,,,3009,0
0,167600,DOLPHIN_SIGHTINGS,,,,,,,,,,,,,3009,0
0,167700,DOLPHIN_SIGHTINGS,,,,,,,,,,,,,3009,0
0,167800,DOLPHIN_SIGHTINGS,,,,,,,,,,,,,3010,0
0,167900,DOLPHIN_SIGHTINGS,,,,,,,,,,,,,3010,0
0,168000,DOLPHIN_SIGHTINGS,,,,,,,,,,,,,3010,0
0,168100,DOLPHIN_SIGHTINGS,,,,,,,,,,,,,3010,0
0,168200,DOLPHIN_SIGHTINGS,,,,,,,,,,,,,3010,0
0,168300,DOLPHIN_SIGHTINGS,,,,,,,,,,,,,3010,0
0,168400,DOLPHIN_SIGHTINGS,,,,,,,,,,,,,3010,0
0,168500,DOLPHIN_SIGHTINGS,,,,,,,,,,,,,3010,0
0,168600,DOLPHIN_SIGHTINGS,,,,,,,,,,,,,3010,0
0,168700,DOLPHIN_SIGHTINGS,,,,,,,,,,,,,3010,0
0,168800,DOLPHIN_SIGHTINGS,,,,,,,,,,,,,3010,0
0,168900,DOLPHIN_SIGHTINGS,,,,,,,,,,,,,3010,0
0,169000,DOLPHIN_SIGHTINGS,,,,,,,,,,,,,3010,0
0,169100,DOLPHIN_SIGHTINGS,,,,,,,,,,,,,3010,0
0,169200,DOLPHIN_SIGHTINGS,,,,,,,,,,,,,3010,0
0,169300,DOLPHIN_SIGHTINGS,,,,,,,,,,,,,3010,0
0,169400,DOLPHIN_SIGHTINGS,,,,,,,,,,,,,3010,0
0,169500,DOLPHIN_SIGHTINGS,,,,,,,,,,,,,3011,0
0,169600,DOLPHIN_SIGHTINGS,,,,,,,,,,,,,3010,0
0,169700,DOLPHIN_SIGHTINGS,,,,,,,,,,,,,3010,0
0,169800,DOLPHIN_SIGHTINGS,,,,,,,,,,,,,3010,0
0,169900,DOLPHIN_SIGHTINGS,,,,,,,,,,,,,3011,0
0,170000,DOLPHIN_SIGHTINGS,,,,,,,,,,,,,3011,0
0,170100,DOLPHIN_SIGHTINGS,,,,,,,,,,,,,3010,0
0,170200,DOLPHIN_SIGHTINGS,,,,,,,,,,,,,3010,0
0,170300,DOLPHIN_SIGHTINGS,,,,,,,,,,,,,3010,0
0,170400,DOLPHIN_SIGHTINGS,,,,,,,,,,,,,3010,0
0,170500,DOLPHIN_SIGHTINGS,,,,,,,,,,,,,3010,0
0,170600,DOLPHIN_SIGHTINGS,,,,,,,,,,,,,3010,0
0,170700,DOLPHIN_SIGHTINGS,,,,,,,,,,,,,3010,0
0,170800,DOLPHIN_SIGHTINGS,,,,,,,,,,,,,3011,0
0,170900,DOLPHIN_SIGHTINGS,,,,,,,,,,,,,3011,0
0,171000,DOLPHIN_SIGHTINGS,,,,,,,,,,,,,3011,0
0,171100,DOLPHIN_SIGHTINGS,,,,,,,,,,,,,3011,0
0,171200,DOLPHIN_SIGHTINGS,,,,,,,,,,,,,3011,0
0,171300,DOLPHIN_SIGHTINGS,,,,,,,,,,,,,3012,0
0,171400,DOLPHIN_SIGHTINGS,,,,,,,,,,,,,3011,0
0,171500,DOLPHIN_SIGHTINGS,,,,,,,,,,,,,3011,0
0,171600,DOLPHIN_SIGHTINGS,,,,,,,,,,,,,3011,0
0,171700,DOLPHIN_SIGHTINGS,,,,,,,,,,,,,3011,0
0,171800,DOLPHIN_SIGHTINGS,,,,,,,,,,,,,3011,0
0,171900,DOLPHIN_SIGHTINGS,,,,,,,,,,,,,3011,0
0,172000,DOLPHIN_SIGHTINGS,,,,,,,,,,,,,3011,0
0,172100,DOLPHIN_SIGHTINGS,,,,,,,,,,,,,3011,0
0,172200,DOLPHIN_SIGHTINGS,,,,,,,,,,,,,3011,0
0,172300,DOLPHIN_SIGHTINGS,,,,,,,,,,,,,3011,0
0,172400,DOLPHIN_SIGHTINGS,,,,,,,,,,,,,3011,0
0,172500,DOLPHIN_SIGHTINGS,,,,,,,,,,,,,3010,0
0,172600,DOLPHIN_SIGHTINGS,,,,,,,,,,,,,3011,0
0,172700,DOLPHIN_SIGHTINGS,,,,,,,,,,,,,3011,0
0,172800,DOLPHIN_SIGHTINGS,,,,,,,,,,,,,3011,0
0,172900,DOLPHIN_SIGHTINGS,,,,,,,,,,,,,3011,0
0,173000,DOLPHIN_SIGHTINGS,,,,,,,,,,,,,3011,0
0,173100,DOLPHIN_SIGHTINGS,,,,,,,,,,,,,3011,0
0,173200,DOLPHIN_SIGHTINGS,,,,,,,,,,,,,3011,0
0,173300,DOLPHIN_SIGHTINGS,,,,,,,,,,,,,3011,0
0,173400,DOLPHIN_SIGHTINGS,,,,,,,,,,,,,3011,0
0,173500,DOLPHIN_SIGHTINGS,,,,,,,,,,,,,3011,0
0,173600,DOLPHIN_SIGHTINGS,,,,,,,,,,,,,3011,0
0,173700,DOLPHIN_SIGHTINGS,,,,,,,,,,,,,3011,0
0,173800,DOLPHIN_SIGHTINGS,,,,,,,,,,,,,3010,0
0,173900,DOLPHIN_SIGHTINGS,,,,,,,,,,,,,3010,0
0,174000,DOLPHIN_SIGHTINGS,,,,,,,,,,,,,3010,0
0,174100,DOLPHIN_SIGHTINGS,,,,,,,,,,,,,3010,0
0,174200,DOLPHIN_SIGHTINGS,,,,,,,,,,,,,3011,0
0,174300,DOLPHIN_SIGHTINGS,,,,,,,,,,,,,3010,0
0,174400,DOLPHIN_SIGHTINGS,,,,,,,,,,,,,3011,0
0,174500,DOLPHIN_SIGHTINGS,,,,,,,,,,,,,3010,0
0,174600,DOLPHIN_SIGHTINGS,,,,,,,,,,,,,3010,0
0,174700,DOLPHIN_SIGHTINGS,,,,,,,,,,,,,3010,0
0,174800,DOLPHIN_SIGHTINGS,,,,,,,,,,,,,3010,0
0,174900,DOLPHIN_SIGHTINGS,,,,,,,,,,,,,3011,0
0,175000,DOLPHIN_SIGHTINGS,,,,,,,,,,,,,3011,0
0,175100,DOLPHIN_SIGHTINGS,,,,,,,,,,,,,3011,0
0,175200,DOLPHIN_SIGHTINGS,,,,,,,,,,,,,3012,0
0,175300,DOLPHIN_SIGHTINGS,,,,,,,,,,,,,3012,0
0,175400,DOLPHIN_SIGHTINGS,,,,,,,,,,,,,3012,0
0,175500,DOLPHIN_SIGHTINGS,,,,,,,,,,,,,3012,0
0,175600,DOLPHIN_SIGHTINGS,,,,,,,,,,,,,3012,0
0,175700,DOLPHIN_SIGHTINGS,,,,,,,,,,,,,3011,0
0,175800,DOLPHIN_SIGHTINGS,,,,,,,,,,,,,3011,0
0,175900,DOLPHIN_SIGHTINGS,,,,,,,,,,,,,3011,0
0,176000,DOLPHIN_SIGHTINGS,,,,,,,,,,,,,3011,0
0,176100,DOLPHIN_SIGHTINGS,,,,,,,,,,,,,3011,0
0,176200,DOLPHIN_SIGHTINGS,,,,,,,,,,,,,3011,0
0,176300,DOLPHIN_SIGHTINGS,,,,,,,,,,,,,3012,0
0,176400,DOLPHIN_SIGHTINGS,,,,,,,,,,,,,3012,0
0,176500,DOLPHIN_SIGHTINGS,,,,,,,,,,,,,3012,0
0,176600,DOLPHIN_SIGHTINGS,,,,,,,,,,,,,3012,0
0,176700,DOLPHIN_SIGHTINGS,,,,,,,,,,,,,3012,0
0,176800,DOLPHIN_SIGHTINGS,,,,,,,,,,,,,3012,0
0,176900,DOLPHIN_SIGHTINGS,,,,,,,,,,,,,3012,0
0,177000,DOLPHIN_SIGHTINGS,,,,,,,,,,,,,3012,0
0,177100,DOLPHIN_SIGHTINGS,,,,,,,,,,,,,3012,0
0,177200,DOLPHIN_SIGHTINGS,,,,,,,,,,,,,3012,0
0,177300,DOLPHIN_SIGHTINGS,,,,,,,,,,,,,3012,0
0,177400,DOLPHIN_SIGHTINGS,,,,,,,,,,,,,3012,0
0,177500,DOLPHIN_SIGHTINGS,,,,,,,,,,,,,3012,0
0,177600,DOLPHIN_SIGHTINGS,,,,,,,,,,,,,3012,0
0,177700,DOLPHIN_SIGHTINGS,,,,,,,,,,,,,3013,0
0,177800,DOLPHIN_SIGHTINGS,,,,,,,,,,,,,3013,0
0,177900,DOLPHIN_SIGHTINGS,,,,,,,,,,,,,3012,0
0,178000,DOLPHIN_SIGHTINGS,,,,,,,,,,,,,3012,0
0,178100,DOLPHIN_SIGHTINGS,,,,,,,,,,,,,3012,0
0,178200,DOLPHIN_SIGHTINGS,,,,,,,,,,,,,3012,0
0,178300,DOLPHIN_SIGHTINGS,,,,,,,,,,,,,3013,0
0,178400,DOLPHIN_SIGHTINGS,,,,,,,,,,,,,3013,0
0,178500,DOLPHIN_SIGHTINGS,,,,,,,,,,,,,3013,0
0,178600,DOLPHIN_SIGHTINGS,,,,,,,,,,,,,3013,0
0,178700,DOLPHIN_SIGHTINGS,,,,,,,,,,,,,3013,0
0,178800,DOLPHIN_SIGHTINGS,,,,,,,,,,,,,3013,0
0,178900,DOLPHIN_SIGHTINGS,,,,,,,,,,,,,3013,0
0,179000,DOLPHIN_SIGHTINGS,,,,,,,,,,,,,3013,0
0,179100,DOLPHIN_SIGHTINGS,,,,,,,,,,,,,3013,0
0,179200,DOLPHIN_SIGHTINGS,,,,,,,,,,,,,3012,0
0,179300,DOLPHIN_SIGHTINGS,,,,,,,,,,,,,3012,0
0,179400,DOLPHIN_SIGHTINGS,,,,,,,,,,,,,3013,0
0,179500,DOLPHIN_SIGHTINGS,,,,,,,,,,,,,3013,0
0,179600,DOLPHIN_SIGHTINGS,,,,,,,,,,,,,3013,0
0,179700,DOLPHIN_SIGHTINGS,,,,,,,,,,,,,3013,0
0,179800,DOLPHIN_SIGHTINGS,,,,,,,,,,,,,3013,0
0,179900,DOLPHIN_SIGHTINGS,,,,,,,,,,,,,3013,0
0,180000,DOLPHIN_SIGHTINGS,,,,,,,,,,,,,3013,0
0,180100,DOLPHIN_SIGHTINGS,,,,,,,,,,,,,3013,0
0,180200,DOLPHIN_SIGHTINGS,,,,,,,,,,,,,3013,0
0,180300,DOLPHIN_SIGHTINGS,,,,,,,,,,,,,3013,0
0,180400,DOLPHIN_SIGHTINGS,,,,,,,,,,,,,3013,0
0,180500,DOLPHIN_SIGHTINGS,,,,,,,,,,,,,3013,0
0,180600,DOLPHIN_SIGHTINGS,,,,,,,,,,,,,3013,0
0,180700,DOLPHIN_SIGHTINGS,,,,,,,,,,,,,3013,0
0,180800,DOLPHIN_SIGHTINGS,,,,,,,,,,,,,3013,0
0,180900,DOLPHIN_SIGHTINGS,,,,,,,,,,,,,3013,0
0,181000,DOLPHIN_SIGHTINGS,,,,,,,,,,,,,3013,0
0,181100,DOLPHIN_SIGHTINGS,,,,,,,,,,,,,3012,0
0,181200,DOLPHIN_SIGHTINGS,,,,,,,,,,,,,3012,0
0,181300,DOLPHIN_SIGHTINGS,,,,,,,,,,,,,3012,0
0,181400,DOLPHIN_SIGHTINGS,,,,,,,,,,,,,3012,0
0,181500,DOLPHIN_SIGHTINGS,,,,,,,,,,,,,3011,0
0,181600,DOLPHIN_SIGHTINGS,,,,,,,,,,,,,3011,0
0,181700,DOLPHIN_SIGHTINGS,,,,,,,,,,,,,3011,0
0,181800,DOLPHIN_SIGHTINGS,,,,,,,,,,,,,3011,0
0,181900,DOLPHIN_SIGHTINGS,,,,,,,,,,,,,3011,0
0,182000,DOLPHIN_SIGHTINGS,,,,,,,,,,,,,3011,0
0,182100,DOLPHIN_SIGHTINGS,,,,,,,,,,,,,3012,0
0,182200,DOLPHIN_SIGHTINGS,,,,,,,,,,,,,3012,0
0,182300,DOLPHIN_SIGHTINGS,,,,,,,,,,,,,3012,0
0,182400,DOLPHIN_SIGHTINGS,,,,,,,,,,,,,3012,0
0,182500,DOLPHIN_SIGHTINGS,,,,,,,,,,,,,3012,0
0,182600,DOLPHIN_SIGHTINGS,,,,,,,,,,,,,3013,0
0,182700,DOLPHIN_SIGHTINGS,,,,,,,,,,,,,3013,0
0,182800,DOLPHIN_SIGHTINGS,,,,,,,,,,,,,3013,0
0,182900,DOLPHIN_SIGHTINGS,,,,,,,,,,,,,3013,0
0,183000,DOLPHIN_SIGHTINGS,,,,,,,,,,,,,3012,0
0,183100,DOLPHIN_SIGHTINGS,,,,,,,,,,,,,3012,0
0,183200,DOLPHIN_SIGHTINGS,,,,,,,,,,,,,3012,0
0,183300,DOLPHIN_SIGHTINGS,,,,,,,,,,,,,3012,0
0,183400,DOLPHIN_SIGHTINGS,,,,,,,,,,,,,3012,0
0,183500,DOLPHIN_SIGHTINGS,,,,,,,,,,,,,3012,0
0,183600,DOLPHIN_SIGHTINGS,,,,,,,,,,,,,3013,0
0,183700,DOLPHIN_SIGHTINGS,,,,,,,,,,,,,3013,0
0,183800,DOLPHIN_SIGHTINGS,,,,,,,,,,,,,3013,0
0,183900,DOLPHIN_SIGHTINGS,,,,,,,,,,,,,3014,0
0,184000,DOLPHIN_SIGHTINGS,,,,,,,,,,,,,3014,0
0,184100,DOLPHIN_SIGHTINGS,,,,,,,,,,,,,3014,0
0,184200,DOLPHIN_SIGHTINGS,,,,,,,,,,,,,3014,0
0,184300,DOLPHIN_SIGHTINGS,,,,,,,,,,,,,3014,0
0,184400,DOLPHIN_SIGHTINGS,,,,,,,,,,,,,3014,0
0,184500,DOLPHIN_SIGHTINGS,,,,,,,,,,,,,3014,0
0,184600,DOLPHIN_SIGHTINGS,,,,,,,,,,,,,3014,0
0,184700,DOLPHIN_SIGHTINGS,,,,,,,,,,,,,3014,0
0,184800,DOLPHIN_SIGHTINGS,,,,,,,,,,,,,3013,0
0,184900,DOLPHIN_SIGHTINGS,,,,,,,,,,,,,3014,0
0,185000,DOLPHIN_SIGHTINGS,,,,,,,,,,,,,3013,0
0,185100,DOLPHIN_SIGHTINGS,,,,,,,,,,,,,3013,0
0,185200,DOLPHIN_SIGHTINGS,,,,,,,,,,,,,3013,0
0,185300,DOLPHIN_SIGHTINGS,,,,,,,,,,,,,3013,0
0,185400,DOLPHIN_SIGHTINGS,,,,,,,,,,,,,3014,0
0,185500,DOLPHIN_SIGHTINGS,,,,,,,,,,,,,3014,0
0,185600,DOLPHIN_SIGHTINGS,,,,,,,,,,,,,3014,0
0,185700,DOLPHIN_SIGHTINGS,,,,,,,,,,,,,3013,0
0,185800,DOLPHIN_SIGHTINGS,,,,,,,,,,,,,3013,0
0,185900,DOLPHIN_SIGHTINGS,,,,,,,,,,,,,3013,0
0,186000,DOLPHIN_SIGHTINGS,,,,,,,,,,,,,3014,0
0,186100,DOLPHIN_SIGHTINGS,,,,,,,,,,,,,3014,0
0,186200,DOLPHIN_SIGHTINGS,,,,,,,,,,,,,3014,0
0,186300,DOLPHIN_SIGHTINGS,,,,,,,,,,,,,3013,0
0,186400,DOLPHIN_SIGHTINGS,,,,,,,,,,,,,3013,0
0,186500,DOLPHIN_SIGHTINGS,,,,,,,,,,,,,3013,0
0,186600,DOLPHIN_SIGHTINGS,,,,,,,,,,,,,3013,0
0,186700,DOLPHIN_SIGHTINGS,,,,,,,,,,,,,3013,0
0,186800,DOLPHIN_SIGHTINGS,,,,,,,,,,,,,3013,0
0,186900,DOLPHIN_SIGHTINGS,,,,,,,,,,,,,3013,0
0,187000,DOLPHIN_SIGHTINGS,,,,,,,,,,,,,3013,0
0,187100,DOLPHIN_SIGHTINGS,,,,,,,,,,,,,3013,0
0,187200,DOLPHIN_SIGHTINGS,,,,,,,,,,,,,3013,0
0,187300,DOLPHIN_SIGHTINGS,,,,,,,,,,,,,3013,0
0,187400,DOLPHIN_SIGHTINGS,,,,,,,,,,,,,3013,0
0,187500,DOLPHIN_SIGHTINGS,,,,,,,,,,,,,3014,0
0,187600,DOLPHIN_SIGHTINGS,,,,,,,,,,,,,3014,0
0,187700,DOLPHIN_SIGHTINGS,,,,,,,,,,,,,3014,0
0,187800,DOLPHIN_SIGHTINGS,,,,,,,,,,,,,3014,0
0,187900,DOLPHIN_SIGHTINGS,,,,,,,,,,,,,3014,0
0,188000,DOLPHIN_SIGHTINGS,,,,,,,,,,,,,3014,0
0,188100,DOLPHIN_SIGHTINGS,,,,,,,,,,,,,3014,0
0,188200,DOLPHIN_SIGHTINGS,,,,,,,,,,,,,3014,0
0,188300,DOLPHIN_SIGHTINGS,,,,,,,,,,,,,3014,0
0,188400,DOLPHIN_SIGHTINGS,,,,,,,,,,,,,3014,0
0,188500,DOLPHIN_SIGHTINGS,,,,,,,,,,,,,3014,0
0,188600,DOLPHIN_SIGHTINGS,,,,,,,,,,,,,3015,0
0,188700,DOLPHIN_SIGHTINGS,,,,,,,,,,,,,3015,0
0,188800,DOLPHIN_SIGHTINGS,,,,,,,,,,,,,3015,0
0,188900,DOLPHIN_SIGHTINGS,,,,,,,,,,,,,3015,0
0,189000,DOLPHIN_SIGHTINGS,,,,,,,,,,,,,3015,0
0,189100,DOLPHIN_SIGHTINGS,,,,,,,,,,,,,3015,0
0,189200,DOLPHIN_SIGHTINGS,,,,,,,,,,,,,3015,0
0,189300,DOLPHIN_SIGHTINGS,,,,,,,,,,,,,3015,0
0,189400,DOLPHIN_SIGHTINGS,,,,,,,,,,,,,3015,0
0,189500,DOLPHIN_SIGHTINGS,,,,,,,,,,,,,3014,0
0,189600,DOLPHIN_SIGHTINGS,,,,,,,,,,,,,3014,0
0,189700,DOLPHIN_SIGHTINGS,,,,,,,,,,,,,3014,0
0,189800,DOLPHIN_SIGHTINGS,,,,,,,,,,,,,3013,0
0,189900,DOLPHIN_SIGHTINGS,,,,,,,,,,,,,3013,0
0,190000,DOLPHIN_SIGHTINGS,,,,,,,,,,,,,3013,0
0,190100,DOLPHIN_SIGHTINGS,,,,,,,,,,,,,3013,0
0,190200,DOLPHIN_SIGHTINGS,,,,,,,,,,,,,3013,0
0,190300,DOLPHIN_SIGHTINGS,,,,,,,,,,,,,3013,0
0,190400,DOLPHIN_SIGHTINGS,,,,,,,,,,,,,3013,0
0,190500,DOLPHIN_SIGHTINGS,,,,,,,,,,,,,3013,0
0,190600,DOLPHIN_SIGHTINGS,,,,,,,,,,,,,3013,0
0,190700,DOLPHIN_SIGHTINGS,,,,,,,,,,,,,3013,0
0,190800,DOLPHIN_SIGHTINGS,,,,,,,,,,,,,3013,0
0,190900,DOLPHIN_SIGHTINGS,,,,,,,,,,,,,3014,0
0,191000,DOLPHIN_SIGHTINGS,,,,,,,,,,,,,3013,0
0,191100,DOLPHIN_SIGHTINGS,,,,,,,,,,,,,3013,0
0,191200,DOLPHIN_SIGHTINGS,,,,,,,,,,,,,3013,0
0,191300,DOLPHIN_SIGHTINGS,,,,,,,,,,,,,3013,0
0,191400,DOLPHIN_SIGHTINGS,,,,,,,,,,,,,3013,0
0,191500,DOLPHIN_SIGHTINGS,,,,,,,,,,,,,3013,0
0,191600,DOLPHIN_SIGHTINGS,,,,,,,,,,,,,3014,0
0,191700,DOLPHIN_SIGHTINGS,,,,,,,,,,,,,3013,0
0,191800,DOLPHIN_SIGHTINGS,,,,,,,,,,,,,3012,0
0,191900,DOLPHIN_SIGHTINGS,,,,,,,,,,,,,3013,0
0,192000,DOLPHIN_SIGHTINGS,,,,,,,,,,,,,3012,0
0,192100,DOLPHIN_SIGHTINGS,,,,,,,,,,,,,3012,0
0,192200,DOLPHIN_SIGHTINGS,,,,,,,,,,,,,3012,0
0,192300,DOLPHIN_SIGHTINGS,,,,,,,,,,,,,3012,0
0,192400,DOLPHIN_SIGHTINGS,,,,,,,,,,,,,3012,0
0,192500,DOLPHIN_SIGHTINGS,,,,,,,,,,,,,3012,0
0,192600,DOLPHIN_SIGHTINGS,,,,,,,,,,,,,3012,0
0,192700,DOLPHIN_SIGHTINGS,,,,,,,,,,,,,3012,0
0,192800,DOLPHIN_SIGHTINGS,,,,,,,,,,,,,3012,0
0,192900,DOLPHIN_SIGHTINGS,,,,,,,,,,,,,3011,0
0,193000,DOLPHIN_SIGHTINGS,,,,,,,,,,,,,3012,0
0,193100,DOLPHIN_SIGHTINGS,,,,,,,,,,,,,3012,0
0,193200,DOLPHIN_SIGHTINGS,,,,,,,,,,,,,3012,0
0,193300,DOLPHIN_SIGHTINGS,,,,,,,,,,,,,3012,0
0,193400,DOLPHIN_SIGHTINGS,,,,,,,,,,,,,3012,0
0,193500,DOLPHIN_SIGHTINGS,,,,,,,,,,,,,3012,0
0,193600,DOLPHIN_SIGHTINGS,,,,,,,,,,,,,3012,0
0,193700,DOLPHIN_SIGHTINGS,,,,,,,,,,,,,3012,0
0,193800,DOLPHIN_SIGHTINGS,,,,,,,,,,,,,3012,0
0,193900,DOLPHIN_SIGHTINGS,,,,,,,,,,,,,3011,0
0,194000,DOLPHIN_SIGHTINGS,,,,,,,,,,,,,3011,0
0,194100,DOLPHIN_SIGHTINGS,,,,,,,,,,,,,3011,0
0,194200,DOLPHIN_SIGHTINGS,,,,,,,,,,,,,3011,0
0,194300,DOLPHIN_SIGHTINGS,,,,,,,,,,,,,3012,0
0,194400,DOLPHIN_SIGHTINGS,,,,,,,,,,,,,3011,0
0,194500,DOLPHIN_SIGHTINGS,,,,,,,,,,,,,3011,0
0,194600,DOLPHIN_SIGHTINGS,,,,,,,,,,,,,3011,0
0,194700,DOLPHIN_SIGHTINGS,,,,,,,,,,,,,3011,0
0,194800,DOLPHIN_SIGHTINGS,,,,,,,,,,,,,3011,0
0,194900,DOLPHIN_SIGHTINGS,,,,,,,,,,,,,3011,0
0,195000,DOLPHIN_SIGHTINGS,,,,,,,,,,,,,3011,0
0,195100,DOLPHIN_SIGHTINGS,,,,,,,,,,,,,3011,0
0,195200,DOLPHIN_SIGHTINGS,,,,,,,,,,,,,3011,0
0,195300,DOLPHIN_SIGHTINGS,,,,,,,,,,,,,3011,0
0,195400,DOLPHIN_SIGHTINGS,,,,,,,,,,,,,3011,0
0,195500,DOLPHIN_SIGHTINGS,,,,,,,,,,,,,3011,0
0,195600,DOLPHIN_SIGHTINGS,,,,,,,,,,,,,3011,0
0,195700,DOLPHIN_SIGHTINGS,,,,,,,,,,,,,3011,0
0,195800,DOLPHIN_SIGHTINGS,,,,,,,,,,,,,3011,0
0,195900,DOLPHIN_SIGHTINGS,,,,,,,,,,,,,3012,0
0,196000,DOLPHIN_SIGHTINGS,,,,,,,,,,,,,3012,0
0,196100,DOLPHIN_SIGHTINGS,,,,,,,,,,,,,3012,0
0,196200,DOLPHIN_SIGHTINGS,,,,,,,,,,,,,3012,0
0,196300,DOLPHIN_SIGHTINGS,,,,,,,,,,,,,3012,0
0,196400,DOLPHIN_SIGHTINGS,,,,,,,,,,,,,3011,0
0,196500,DOLPHIN_SIGHTINGS,,,,,,,,,,,,,3011,0
0,196600,DOLPHIN_SIGHTINGS,,,,,,,,,,,,,3011,0
0,196700,DOLPHIN_SIGHTINGS,,,,,,,,,,,,,3011,0
0,196800,DOLPHIN_SIGHTINGS,,,,,,,,,,,,,3011,0
0,196900,DOLPHIN_SIGHTINGS,,,,,,,,,,,,,3011,0
0,197000,DOLPHIN_SIGHTINGS,,,,,,,,,,,,,3012,0
0,197100,DOLPHIN_SIGHTINGS,,,,,,,,,,,,,3011,0
0,197200,DOLPHIN_SIGHTINGS,,,,,,,,,,,,,3011,0
0,197300,DOLPHIN_SIGHTINGS,,,,,,,,,,,,,3012,0
0,197400,DOLPHIN_SIGHTINGS,,,,,,,,,,,,,3012,0
0,197500,DOLPHIN_SIGHTINGS,,,,,,,,,,,,,3012,0
0,197600,DOLPHIN_SIGHTINGS,,,,,,,,,,,,,3012,0
0,197700,DOLPHIN_SIGHTINGS,,,,,,,,,,,,,3012,0
0,197800,DOLPHIN_SIGHTINGS,,,,,,,,,,,,,3011,0
0,197900,DOLPHIN_SIGHTINGS,,,,,,,,,,,,,3011,0
0,198000,DOLPHIN_SIGHTINGS,,,,,,,,,,,,,3012,0
0,198100,DOLPHIN_SIGHTINGS,,,,,,,,,,,,,3012,0
0,198200,DOLPHIN_SIGHTINGS,,,,,,,,,,,,,3012,0
0,198300,DOLPHIN_SIGHTINGS,,,,,,,,,,,,,3012,0
0,198400,DOLPHIN_SIGHTINGS,,,,,,,,,,,,,3012,0
0,198500,DOLPHIN_SIGHTINGS,,,,,,,,,,,,,3011,0
0,198600,DOLPHIN_SIGHTINGS,,,,,,,,,,,,,3011,0
0,198700,DOLPHIN_SIGHTINGS,,,,,,,,,,,,,3012,0
0,198800,DOLPHIN_SIGHTINGS,,,,,,,,,,,,,3012,0
0,198900,DOLPHIN_SIGHTINGS,,,,,,,,,,,,,3012,0
0,199000,DOLPHIN_SIGHTINGS,,,,,,,,,,,,,3012,0
0,199100,DOLPHIN_SIGHTINGS,,,,,,,,,,,,,3012,0
0,199200,DOLPHIN_SIGHTINGS,,,,,,,,,,,,,3012,0
0,199300,DOLPHIN_SIGHTINGS,,,,,,,,,,,,,3012,0
0,199400,DOLPHIN_SIGHTINGS,,,,,,,,,,,,,3012,0
0,199500,DOLPHIN_SIGHTINGS,,,,,,,,,,,,,3012,0
0,199600,DOLPHIN_SIGHTINGS,,,,,,,,,,,,,3012,0
0,199700,DOLPHIN_SIGHTINGS,,,,,,,,,,,,,3012,0
0,199800,DOLPHIN_SIGHTINGS,,,,,,,,,,,,,3012,0
0,199900,DOLPHIN_SIGHTINGS,,,,,,,,,,,,,3013,0
0,200000,DOLPHIN_SIGHTINGS,,,,,,,,,,,,,3013,0
0,200100,DOLPHIN_SIGHTINGS,,,,,,,,,,,,,3013,0
0,200200,DOLPHIN_SIGHTINGS,,,,,,,,,,,,,3013,0
0,200300,DOLPHIN_SIGHTINGS,,,,,,,,,,,,,3012,0
0,200400,DOLPHIN_SIGHTINGS,,,,,,,,,,,,,3012,0
0,200500,DOLPHIN_SIGHTINGS,,,,,,,,,,,,,3013,0
0,200600,DOLPHIN_SIGHTINGS,,,,,,,,,,,,,3013,0
0,200700,DOLPHIN_SIGHTINGS,,,,,,,,,,,,,3013,0
0,200800,DOLPHIN_SIGHTINGS,,,,,,,,,,,,,3013,0
0,200900,DOLPHIN_SIGHTINGS,,,,,,,,,,,,,3013,0
0,201000,DOLPHIN_SIGHTINGS,,,,,,,,,,,,,3013,0
0,201100,DOLPHIN_SIGHTINGS,,,,,,,,,,,,,3013,0
0,201200,DOLPHIN_SIGHTINGS,,,,,,,,,,,,,3013,0
0,201300,DOLPHIN_SIGHTINGS,,,,,,,,,,,,,3013,0
0,201400,DOLPHIN_SIGHTINGS,,,,,,,,,,,,,3013,0
0,201500,DOLPHIN_SIGHTINGS,,,,,,,,,,,,,3014,0
0,201600,DOLPHIN_SIGHTINGS,,,,,,,,,,,,,3014,0
0,201700,DOLPHIN_SIGHTINGS,,,,,,,,,,,,,3014,0
0,201800,DOLPHIN_SIGHTINGS,,,,,,,,,,,,,3013,0
0,201900,DOLPHIN_SIGHTINGS,,,,,,,,,,,,,3013,0
0,202000,DOLPHIN_SIGHTINGS,,,,,,,,,,,,,3013,0
0,202100,DOLPHIN_SIGHTINGS,,,,,,,,,,,,,3013,0
0,202200,DOLPHIN_SIGHTINGS,,,,,,,,,,,,,3013,0
0,202300,DOLPHIN_SIGHTINGS,,,,,,,,,,,,,3014,0
0,202400,DOLPHIN_SIGHTINGS,,,,,,,,,,,,,3013,0
0,202500,DOLPHIN_SIGHTINGS,,,,,,,,,,,,,3013,0
0,202600,DOLPHIN_SIGHTINGS,,,,,,,,,,,,,3013,0
0,202700,DOLPHIN_SIGHTINGS,,,,,,,,,,,,,3013,0
0,202800,DOLPHIN_SIGHTINGS,,,,,,,,,,,,,3013,0
0,202900,DOLPHIN_SIGHTINGS,,,,,,,,,,,,,3013,0
0,203000,DOLPHIN_SIGHTINGS,,,,,,,,,,,,,3013,0
0,203100,DOLPHIN_SIGHTINGS,,,,,,,,,,,,,3013,0
0,203200,DOLPHIN_SIGHTINGS,,,,,,,,,,,,,3013,0
0,203300,DOLPHIN_SIGHTINGS,,,,,,,,,,,,,3013,0
0,203400,DOLPHIN_SIGHTINGS,,,,,,,,,,,,,3013,0
0,203500,DOLPHIN_SIGHTINGS,,,,,,,,,,,,,3013,0
0,203600,DOLPHIN_SIGHTINGS,,,,,,,,,,,,,3013,0
0,203700,DOLPHIN_SIGHTINGS,,,,,,,,,,,,,3013,0
0,203800,DOLPHIN_SIGHTINGS,,,,,,,,,,,,,3013,0
0,203900,DOLPHIN_SIGHTINGS,,,,,,,,,,,,,3013,0
0,204000,DOLPHIN_SIGHTINGS,,,,,,,,,,,,,3013,0
0,204100,DOLPHIN_SIGHTINGS,,,,,,,,,,,,,3013,0
0,204200,DOLPHIN_SIGHTINGS,,,,,,,,,,,,,3013,0
0,204300,DOLPHIN_SIGHTINGS,,,,,,,,,,,,,3013,0
0,204400,DOLPHIN_SIGHTINGS,,,,,,,,,,,,,3013,0
0,204500,DOLPHIN_SIGHTINGS,,,,,,,,,,,,,3013,0
0,204600,DOLPHIN_SIGHTINGS,,,,,,,,,,,,,3013,0
0,204700,DOLPHIN_SIGHTINGS,,,,,,,,,,,,,3012,0
0,204800,DOLPHIN_SIGHTINGS,,,,,,,,,,,,,3012,0
0,204900,DOLPHIN_SIGHTINGS,,,,,,,,,,,,,3012,0
0,205000,DOLPHIN_SIGHTINGS,,,,,,,,,,,,,3013,0
0,205100,DOLPHIN_SIGHTINGS,,,,,,,,,,,,,3013,0
0,205200,DOLPHIN_SIGHTINGS,,,,,,,,,,,,,3013,0
0,205300,DOLPHIN_SIGHTINGS,,,,,,,,,,,,,3013,0
0,205400,DOLPHIN_SIGHTINGS,,,,,,,,,,,,,3013,0
0,205500,DOLPHIN_SIGHTINGS,,,,,,,,,,,,,3013,0
0,205600,DOLPHIN_SIGHTINGS,,,,,,,,,,,,,3013,0
0,205700,DOLPHIN_SIGHTINGS,,,,,,,,,,,,,3013,0
0,205800,DOLPHIN_SIGHTINGS,,,,,,,,,,,,,3013,0
0,205900,DOLPHIN_SIGHTINGS,,,,,,,,,,,,,3014,0
0,206000,DOLPHIN_SIGHTINGS,,,,,,,,,,,,,3014,0
0,206100,DOLPHIN_SIGHTINGS,,,,,,,,,,,,,3015,0
0,206200,DOLPHIN_SIGHTINGS,,,,,,,,,,,,,3015,0
0,206300,DOLPHIN_SIGHTINGS,,,,,,,,,,,,,3015,0
0,206400,DOLPHIN_SIGHTINGS,,,,,,,,,,,,,3015,0
0,206500,DOLPHIN_SIGHTINGS,,,,,,,,,,,,,3015,0
0,206600,DOLPHIN_SIGHTINGS,,,,,,,,,,,,,3015,0
0,206700,DOLPHIN_SIGHTINGS,,,,,,,,,,,,,3014,0
0,206800,DOLPHIN_SIGHTINGS,,,,,,,,,,,,,3014,0
0,206900,DOLPHIN_SIGHTINGS,,,,,,,,,,,,,3015,0
0,207000,DOLPHIN_SIGHTINGS,,,,,,,,,,,,,3014,0
0,207100,DOLPHIN_SIGHTINGS,,,,,,,,,,,,,3015,0
0,207200,DOLPHIN_SIGHTINGS,,,,,,,,,,,,,3015,0
0,207300,DOLPHIN_SIGHTINGS,,,,,,,,,,,,,3015,0
0,207400,DOLPHIN_SIGHTINGS,,,,,,,,,,,,,3015,0
0,207500,DOLPHIN_SIGHTINGS,,,,,,,,,,,,,3016,0
0,207600,DOLPHIN_SIGHTINGS,,,,,,,,,,,,,3016,0
0,207700,DOLPHIN_SIGHTINGS,,,,,,,,,,,,,3016,0
0,207800,DOLPHIN_SIGHTINGS,,,,,,,,,,,,,3016,0
0,207900,DOLPHIN_SIGHTINGS,,,,,,,,,,,,,3017,0
0,208000,DOLPHIN_SIGHTINGS,,,,,,,,,,,,,3016,0
0,208100,DOLPHIN_SIGHTINGS,,,,,,,,,,,,,3016,0
0,208200,DOLPHIN_SIGHTINGS,,,,,,,,,,,,,3017,0
0,208300,DOLPHIN_SIGHTINGS,,,,,,,,,,,,,3016,0
0,208400,DOLPHIN_SIGHTINGS,,,,,,,,,,,,,3016,0
0,208500,DOLPHIN_SIGHTINGS,,,,,,,,,,,,,3016,0
0,208600,DOLPHIN_SIGHTINGS,,,,,,,,,,,,,3016,0
0,208700,DOLPHIN_SIGHTINGS,,,,,,,,,,,,,3016,0
0,208800,DOLPHIN_SIGHTINGS,,,,,,,,,,,,,3016,0
0,208900,DOLPHIN_SIGHTINGS,,,,,,,,,,,,,3015,0
0,209000,DOLPHIN_SIGHTINGS,,,,,,,,,,,,,3015,0
0,209100,DOLPHIN_SIGHTINGS,,,,,,,,,,,,,3015,0
0,209200,DOLPHIN_SIGHTINGS,,,,,,,,,,,,,3015,0
0,209300,DOLPHIN_SIGHTINGS,,,,,,,,,,,,,3015,0
0,209400,DOLPHIN_SIGHTINGS,,,,,,,,,,,,,3015,0
0,209500,DOLPHIN_SIGHTINGS,,,,,,,,,,,,,3014,0
0,209600,DOLPHIN_SIGHTINGS,,,,,,,,,,,,,3014,0
0,209700,DOLPHIN_SIGHTINGS,,,,,,,,,,,,,3014,0
0,209800,DOLPHIN_SIGHTINGS,,,,,,,,,,,,,3014,0
0,209900,DOLPHIN_SIGHTINGS,,,,,,,,,,,,,3014,0
0,210000,DOLPHIN_SIGHTINGS,,,,,,,,,,,,,3013,0
0,210100,DOLPHIN_SIGHTINGS,,,,,,,,,,,,,3013,0
0,210200,DOLPHIN_SIGHTINGS,,,,,,,,,,,,,3012,0
0,210300,DOLPHIN_SIGHTINGS,,,,,,,,,,,,,3013,0
0,210400,DOLPHIN_SIGHTINGS,,,,,,,,,,,,,3012,0
0,210500,DOLPHIN_SIGHTINGS,,,,,,,,,,,,,3012,0
0,210600,DOLPHIN_SIGHTINGS,,,,,,,,,,,,,3012,0
0,210700,DOLPHIN_SIGHTINGS,,,,,,,,,,,,,3012,0
0,210800,DOLPHIN_SIGHTINGS,,,,,,,,,,,,,3012,0
0,210900,DOLPHIN_SIGHTINGS,,,,,,,,,,,,,3011,0
0,211000,DOLPHIN_SIGHTINGS,,,,,,,,,,,,,3012,0
0,211100,DOLPHIN_SIGHTINGS,,,,,,,,,,,,,3011,0
0,211200,DOLPHIN_SIGHTINGS,,,,,,,,,,,,,3011,0
0,211300,DOLPHIN_SIGHTINGS,,,,,,,,,,,,,3011,0
0,211400,DOLPHIN_SIGHTINGS,,,,,,,,,,,,,3012,0
0,211500,DOLPHIN_SIGHTINGS,,,,,,,,,,,,,3011,0
0,211600,DOLPHIN_SIGHTINGS,,,,,,,,,,,,,3012,0
0,211700,DOLPHIN_SIGHTINGS,,,,,,,,,,,,,3012,0
0,211800,DOLPHIN_SIGHTINGS,,,,,,,,,,,,,3011,0
0,211900,DOLPHIN_SIGHTINGS,,,,,,,,,,,,,3011,0
0,212000,DOLPHIN_SIGHTINGS,,,,,,,,,,,,,3012,0
0,212100,DOLPHIN_SIGHTINGS,,,,,,,,,,,,,3012,0
0,212200,DOLPHIN_SIGHTINGS,,,,,,,,,,,,,3012,0
0,212300,DOLPHIN_SIGHTINGS,,,,,,,,,,,,,3013,0
0,212400,DOLPHIN_SIGHTINGS,,,,,,,,,,,,,3012,0
0,212500,DOLPHIN_SIGHTINGS,,,,,,,,,,,,,3012,0
0,212600,DOLPHIN_SIGHTINGS,,,,,,,,,,,,,3012,0
0,212700,DOLPHIN_SIGHTINGS,,,,,,,,,,,,,3012,0
0,212800,DOLPHIN_SIGHTINGS,,,,,,,,,,,,,3011,0
0,212900,DOLPHIN_SIGHTINGS,,,,,,,,,,,,,3011,0
0,213000,DOLPHIN_SIGHTINGS,,,,,,,,,,,,,3011,0
0,213100,DOLPHIN_SIGHTINGS,,,,,,,,,,,,,3011,0
0,213200,DOLPHIN_SIGHTINGS,,,,,,,,,,,,,3011,0
0,213300,DOLPHIN_SIGHTINGS,,,,,,,,,,,,,3011,0
0,213400,DOLPHIN_SIGHTINGS,,,,,,,,,,,,,3011,0
0,213500,DOLPHIN_SIGHTINGS,,,,,,,,,,,,,3011,0
0,213600,DOLPHIN_SIGHTINGS,,,,,,,,,,,,,3011,0
0,213700,DOLPHIN_SIGHTINGS,,,,,,,,,,,,,3011,0
0,213800,DOLPHIN_SIGHTINGS,,,,,,,,,,,,,3011,0
0,213900,DOLPHIN_SIGHTINGS,,,,,,,,,,,,,3010,0
0,214000,DOLPHIN_SIGHTINGS,,,,,,,,,,,,,3010,0
0,214100,DOLPHIN_SIGHTINGS,,,,,,,,,,,,,3010,0
0,214200,DOLPHIN_SIGHTINGS,,,,,,,,,,,,,3010,0
0,214300,DOLPHIN_SIGHTINGS,,,,,,,,,,,,,3011,0
0,214400,DOLPHIN_SIGHTINGS,,,,,,,,,,,,,3011,0
0,214500,DOLPHIN_SIGHTINGS,,,,,,,,,,,,,3010,0
0,214600,DOLPHIN_SIGHTINGS,,,,,,,,,,,,,3010,0
0,214700,DOLPHIN_SIGHTINGS,,,,,,,,,,,,,3010,0
0,214800,DOLPHIN_SIGHTINGS,,,,,,,,,,,,,3010,0
0,214900,DOLPHIN_SIGHTINGS,,,,,,,,,,,,,3010,0
0,215000,DOLPHIN_SIGHTINGS,,,,,,,,,,,,,3010,0
0,215100,DOLPHIN_SIGHTINGS,,,,,,,,,,,,,3011,0
0,215200,DOLPHIN_SIGHTINGS,,,,,,,,,,,,,3011,0
0,215300,DOLPHIN_SIGHTINGS,,,,,,,,,,,,,3011,0
0,215400,DOLPHIN_SIGHTINGS,,,,,,,,,,,,,3012,0
0,215500,DOLPHIN_SIGHTINGS,,,,,,,,,,,,,3011,0
0,215600,DOLPHIN_SIGHTINGS,,,,,,,,,,,,,3011,0
0,215700,DOLPHIN_SIGHTINGS,,,,,,,,,,,,,3011,0
0,215800,DOLPHIN_SIGHTINGS,,,,,,,,,,,,,3012,0
0,215900,DOLPHIN_SIGHTINGS,,,,,,,,,,,,,3011,0
0,216000,DOLPHIN_SIGHTINGS,,,,,,,,,,,,,3011,0
0,216100,DOLPHIN_SIGHTINGS,,,,,,,,,,,,,3012,0
0,216200,DOLPHIN_SIGHTINGS,,,,,,,,,,,,,3011,0
0,216300,DOLPHIN_SIGHTINGS,,,,,,,,,,,,,3012,0
0,216400,DOLPHIN_SIGHTINGS,,,,,,,,,,,,,3012,0
0,216500,DOLPHIN_SIGHTINGS,,,,,,,,,,,,,3012,0
0,216600,DOLPHIN_SIGHTINGS,,,,,,,,,,,,,3012,0
0,216700,DOLPHIN_SIGHTINGS,,,,,,,,,,,,,3012,0
0,216800,DOLPHIN_SIGHTINGS,,,,,,,,,,,,,3012,0
0,216900,DOLPHIN_SIGHTINGS,,,,,,,,,,,,,3012,0
0,217000,DOLPHIN_SIGHTINGS,,,,,,,,,,,,,3012,0
0,217100,DOLPHIN_SIGHTINGS,,,,,,,,,,,,,3012,0
0,217200,DOLPHIN_SIGHTINGS,,,,,,,,,,,,,3012,0
0,217300,DOLPHIN_SIGHTINGS,,,,,,,,,,,,,3012,0
0,217400,DOLPHIN_SIGHTINGS,,,,,,,,,,,,,3012,0
0,217500,DOLPHIN_SIGHTINGS,,,,,,,,,,,,,3012,0
0,217600,DOLPHIN_SIGHTINGS,,,,,,,,,,,,,3012,0
0,217700,DOLPHIN_SIGHTINGS,,,,,,,,,,,,,3012,0
0,217800,DOLPHIN_SIGHTINGS,,,,,,,,,,,,,3012,0
0,217900,DOLPHIN_SIGHTINGS,,,,,,,,,,,,,3011,0
0,218000,DOLPHIN_SIGHTINGS,,,,,,,,,,,,,3011,0
0,218100,DOLPHIN_SIGHTINGS,,,,,,,,,,,,,3012,0
0,218200,DOLPHIN_SIGHTINGS,,,,,,,,,,,,,3012,0
0,218300,DOLPHIN_SIGHTINGS,,,,,,,,,,,,,3012,0
0,218400,DOLPHIN_SIGHTINGS,,,,,,,,,,,,,3011,0
0,218500,DOLPHIN_SIGHTINGS,,,,,,,,,,,,,3011,0
0,218600,DOLPHIN_SIGHTINGS,,,,,,,,,,,,,3011,0
0,218700,DOLPHIN_SIGHTINGS,,,,,,,,,,,,,3012,0
0,218800,DOLPHIN_SIGHTINGS,,,,,,,,,,,,,3012,0
0,218900,DOLPHIN_SIGHTINGS,,,,,,,,,,,,,3012,0
0,219000,DOLPHIN_SIGHTINGS,,,,,,,,,,,,,3012,0
0,219100,DOLPHIN_SIGHTINGS,,,,,,,,,,,,,3012,0
0,219200,DOLPHIN_SIGHTINGS,,,,,,,,,,,,,3012,0
