day,timestamp,product,bid_price_1,bid_volume_1,bid_price_2,bid_volume_2,bid_price_3,bid_volume_3,ask_price_1,ask_volume_1,ask_price_2,ask_volume_2,ask_price_3,ask_volume_3,mid_price,profit_and_loss
2,0,BERRIES,3847,55,,,,,3854,10,3855,45,,,3850.5,0
2,100,BERRIES,3847,19,3846,58,,,3854,19,3855,58,,,3850.5,0
2,200,BERRIES,3851,5,3848,13,3847,57,3854,13,3855,57,,,3852.5,58.28125
2,300,BERRIES,3848,15,3847,44,,,3855,15,3856,44,,,3851.5,47.984375
2,400,BERRIES,3849,16,3848,57,,,3855,16,3856,57,,,3852,39.984375
2,500,BERRIES,3848,14,3847,48,,,3854,14,3855,48,,,3851,56.234375
2,600,BERRIES,3850,5,3846,14,3845,52,3853,14,3854,52,,,3851.5,105.1484375
2,700,BERRIES,3845,12,3844,45,,,3852,12,3853,45,,,3848.5,129.640625
2,800,BERRIES,3846,10,3845,43,,,3853,10,3854,43,,,3849.5,109.3515625
2,900,BERRIES,3846,14,3845,50,,,3853,14,3854,50,,,3849.5,118.265625
2,1000,BERRIES,3846,18,3845,54,,,3853,18,3854,54,,,3849.5,120.0546875
2,1100,BERRIES,3846,76,,,,,3853,19,3854,57,,,3849.5,103.1875
2,1200,BERRIES,3846,12,3845,49,,,3853,12,3854,49,,,3849.5,109.25
2,1300,BERRIES,3847,10,3846,40,,,3853,10,3854,40,,,3850,97.5625
2,1400,BERRIES,3847,16,3846,41,,,3854,16,3855,41,,,3850.5,92.6796875
2,1500,BERRIES,3846,16,3845,48,,,3853,16,3854,48,,,3849.5,104.1796875
2,1600,BERRIES,3846,12,3845,41,,,3853,12,3854,41,,,3849.5,108.015625
2,1700,BERRIES,3846,18,3845,40,,,3853,18,3854,40,,,3849.5,106.484375
2,1800,BERRIES,3846,56,,,,,3853,15,3854,41,,,3849.5,103.3046875
2,1900,BERRIES,3846,11,3845,53,,,3853,11,3854,53,,,3849.5,109.3359375
2,2000,BERRIES,3847,11,3846,54,,,3853,11,3854,54,,,3850,98.046875
2,2100,BERRIES,3847,16,3846,45,,,3854,16,3855,45,,,3850.5,88.6015625
2,2200,BERRIES,3847,12,3846,54,,,3854,12,3855,54,,,3850.5,79.15625
2,2300,BERRIES,3847,18,3846,48,,,3854,18,3855,48,,,3850.5,86.359375
2,2400,BERRIES,3847,16,3846,41,,,3853,16,3854,41,,,3850,99.1015625
2,2500,BERRIES,3846,11,3845,41,,,3853,11,3854,41,,,3849.5,117.4609375
2,2600,BERRIES,3846,10,3845,42,,,3853,10,3854,42,,,3849.5,111.8984375
2,2700,BERRIES,3846,11,3845,40,,,3853,51,,,,,3849.5,121.8359375
2,2800,BERRIES,3845,12,3844,44,,,3852,12,3853,44,,,3848.5,138.625
2,2900,BERRIES,3845,16,3844,57,,,3851,16,3852,57,,,3848,147.9453125
2,3000,BERRIES,3849,3,3845,11,3844,44,3852,11,3853,44,,,3850.5,133.46875
2,3100,BERRIES,3846,18,3845,53,,,3853,18,3854,53,,,3849.5,117.953125
2,3200,BERRIES,3846,70,,,,,3853,12,3854,58,,,3849.5,103.5390625
2,3300,BERRIES,3847,12,3846,60,,,3853,12,3854,60,,,3850,101.1640625
2,3400,BERRIES,3847,19,3846,51,,,3853,19,3854,51,,,3850,97.9765625
2,3500,BERRIES,3846,14,3845,52,,,3853,14,3854,52,,,3849.5,106.65625
2,3600,BERRIES,3847,15,3846,43,,,3853,15,3854,43,,,3850,99.0390625
2,3700,BERRIES,3846,16,3845,56,,,3848,25,3852,16,3853,56,3847,126.3125
2,3800,BERRIES,3847,11,3846,55,,,3854,11,3855,55,,,3850.5,84.1953125
2,3900,BERRIES,3847,11,3846,47,,,3854,11,3855,47,,,3850.5,83.6875
2,4000,BERRIES,3847,16,3846,54,,,3854,16,3855,54,,,3850.5,87.546875
2,4100,BERRIES,3850,7,3847,11,3846,41,3854,11,3855,41,,,3852,87.703125
2,4200,BERRIES,3848,20,3847,45,,,3851,7,3855,20,3856,45,3849.5,62.9296875
2,4300,BERRIES,3847,18,3846,54,,,3854,18,3855,54,,,3850.5,83.1875
2,4400,BERRIES,3847,16,3846,48,,,3853,16,3854,48,,,3850,87.6328125
2,4500,BERRIES,3847,11,3846,60,,,3850,5,3854,11,3855,60,3848.5,72.109375
2,4600,BERRIES,3846,12,3845,44,,,3853,12,3854,44,,,3849.5,92.40625
2,4700,BERRIES,3846,19,3845,55,,,3853,19,3854,55,,,3849.5,94.4375
2,4800,BERRIES,3846,17,3845,55,,,3852,17,3853,55,,,3849,114.3359375
2,4900,BERRIES,3850,2,3846,15,3845,55,3853,15,3854,55,,,3851.5,98.3046875
2,5000,BERRIES,3847,16,3846,56,,,3853,16,3854,56,,,3850,87.796875
2,5100,BERRIES,3846,13,3845,48,,,3849,2,3853,13,3854,48,3847.5,105.4296875
2,5200,BERRIES,3847,13,3846,57,,,3854,13,3855,57,,,3850.5,82.453125
2,5300,BERRIES,3847,11,3846,54,,,3849,1,3853,11,3854,54,3848,88.7578125
2,5400,BERRIES,3847,13,3846,40,,,3854,13,3855,40,,,3850.5,67.546875
2,5500,BERRIES,3847,18,3846,42,,,3854,18,3855,42,,,3850.5,63.671875
2,5600,BERRIES,3846,17,3845,52,,,3853,17,3854,52,,,3849.5,100.40625
2,5700,BERRIES,3845,19,3844,57,,,3852,19,3853,57,,,3848.5,132.546875
2,5800,BERRIES,3845,15,3844,57,,,3852,15,3853,57,,,3848.5,134.5625
2,5900,BERRIES,3845,73,,,,,3852,14,3853,59,,,3848.5,121.0546875
2,6000,BERRIES,3846,18,3845,49,,,3853,18,3854,49,,,3849.5,110.5234375
2,6100,BERRIES,3846,13,3845,47,,,3853,13,3854,47,,,3849.5,93.2734375
2,6200,BERRIES,3847,14,3846,60,,,3849,2,3854,14,3855,60,3848,77.2734375
2,6300,BERRIES,3847,15,3846,45,,,3854,15,3855,45,,,3850.5,81.5859375
2,6400,BERRIES,3847,18,3846,44,,,3854,18,3855,44,,,3850.5,81.4375
2,6500,BERRIES,3847,13,3846,60,,,3854,13,3855,60,,,3850.5,83.4609375
2,6600,BERRIES,3846,13,3845,49,,,3853,13,3854,49,,,3849.5,76.140625
2,6700,BERRIES,3847,13,3846,41,,,3853,13,3854,41,,,3850,51.296875
2,6800,BERRIES,3846,15,3845,42,,,3853,15,3854,42,,,3849.5,71.0625
2,6900,BERRIES,3846,14,3845,57,,,3853,14,3854,57,,,3849.5,72.296875
2,7000,BERRIES,3846,16,3845,45,,,3852,16,3853,45,,,3849,88.8125
2,7100,BERRIES,3849,7,3845,18,3844,55,3852,18,3853,55,,,3850.5,97.671875
2,7200,BERRIES,3846,10,3845,40,,,3853,50,,,,,3849.5,85.109375
2,7300,BERRIES,3846,15,3845,50,,,3853,15,3854,50,,,3849.5,71.390625
2,7400,BERRIES,3847,10,3846,50,,,3853,10,3854,50,,,3850,51.125
2,7500,BERRIES,3846,11,3845,52,,,3853,11,3854,52,,,3849.5,62.984375
2,7600,BERRIES,3846,14,3845,59,,,3853,14,3854,59,,,3849.5,82.3125
2,7700,BERRIES,3845,12,3844,53,,,3851,12,3852,53,,,3848,134.296875
2,7800,BERRIES,3846,11,3845,48,,,3853,11,3854,48,,,3849.5,77.0625
2,7900,BERRIES,3846,12,3845,60,,,3852,12,3853,60,,,3849,95.546875
2,8000,BERRIES,3848,5,3845,17,3844,46,3852,17,3853,46,,,3850,107.8125
2,8100,BERRIES,3845,11,3844,52,,,3852,11,3853,52,,,3848.5,99.828125
2,8200,BERRIES,3846,14,3845,58,,,3853,14,3854,58,,,3849.5,13.71875
2,8300,BERRIES,3849,6,3846,14,3845,42,3853,14,3854,42,,,3851,19.875
2,8400,BERRIES,3846,14,3845,51,,,3853,14,3854,51,,,3849.5,23.640625
2,8500,BERRIES,3846,11,3845,49,,,3852,11,3853,49,,,3849,43.40625
2,8600,BERRIES,3845,14,3844,51,,,3852,14,3853,51,,,3848.5,81.171875
2,8700,BERRIES,3845,14,3844,48,,,3852,14,3853,48,,,3848.5,75.671875
2,8800,BERRIES,3844,14,3843,52,,,3851,14,3852,52,,,3847.5,109.1875
2,8900,BERRIES,3848,5,3845,12,3844,54,3852,12,3853,54,,,3850,83.03125
2,9000,BERRIES,3845,20,3844,59,,,3851,20,3852,59,,,3848,94.3125
2,9100,BERRIES,3844,13,3843,55,,,3851,13,3852,55,,,3847.5,114.578125
2,9200,BERRIES,3844,17,3843,57,,,3851,17,3852,57,,,3847.5,139.484375
2,9300,BERRIES,3845,12,3844,54,,,3851,12,3852,54,,,3848,99.828125
2,9400,BERRIES,3845,10,3844,40,,,3847,14,3852,50,,,3846,92.203125
2,9500,BERRIES,3845,13,3844,54,,,3852,13,3853,54,,,3848.5,85.359375
2,9600,BERRIES,3845,10,3844,51,,,3851,10,3852,51,,,3848,104.75
2,9700,BERRIES,3845,19,3844,45,,,3852,64,,,,,3848.5,93.265625
2,9800,BERRIES,3845,10,3844,55,,,3852,10,3853,55,,,3848.5,88.203125
2,9900,BERRIES,3849,2,3846,20,3845,48,3852,20,3853,48,,,3850.5,49.375
2,10000,BERRIES,3845,14,3844,59,,,3852,14,3853,59,,,3848.5,75.671875
2,10100,BERRIES,3845,12,3844,58,,,3852,12,3853,58,,,3848.5,80.046875
2,10200,BERRIES,3845,20,3844,51,,,3852,20,3853,51,,,3848.5,79.90625
2,10300,BERRIES,3845,18,3844,60,,,3851,18,3852,60,,,3848,105.765625
2,10400,BERRIES,3844,18,3843,50,,,3847,27,3851,18,3852,50,3845.5,123.84375
2,10500,BERRIES,3844,20,3843,51,,,3851,20,3852,51,,,3847.5,137.640625
2,10600,BERRIES,3845,19,3844,58,,,3851,19,3852,58,,,3848,98.171875
2,10700,BERRIES,3845,12,3844,58,,,3852,70,,,,,3848.5,92.359375
2,10800,BERRIES,3844,18,3843,41,,,3851,18,3852,41,,,3847.5,121.5625
2,10900,BERRIES,3848,2,3845,12,3844,55,3851,12,3852,55,,,3849.5,99.46875
2,11000,BERRIES,3845,10,3844,42,,,3852,52,,,,,3848.5,117.59375
2,11100,BERRIES,3844,14,3843,57,,,3851,14,3852,57,,,3847.5,145.828125
2,11200,BERRIES,3843,20,3842,42,,,3850,20,3851,42,,,3846.5,211.828125
2,11300,BERRIES,3843,13,3842,42,,,3850,13,3851,42,,,3846.5,240.859375
2,11400,BERRIES,3843,12,3842,54,,,3850,12,3851,54,,,3846.5,206.59375
2,11500,BERRIES,3847,2,3844,16,3843,46,3850,16,3851,46,,,3848.5,190.65625
2,11600,BERRIES,3844,17,3843,52,,,3851,17,3852,52,,,3847.5,152
2,11700,BERRIES,3843,15,3842,53,,,3850,15,3851,53,,,3846.5,231.484375
2,11800,BERRIES,3843,11,3842,47,,,3850,58,,,,,3846.5,243.09375
2,11900,BERRIES,3842,12,3841,52,,,3849,12,3850,52,,,3845.5,260.984375
2,12000,BERRIES,3843,11,3842,48,,,3845,5,3850,11,3851,48,3844,238.234375
2,12100,BERRIES,3843,11,3842,47,,,3850,11,3851,47,,,3846.5,225.375
2,12200,BERRIES,3843,12,3842,50,,,3850,12,3851,50,,,3846.5,216.140625
2,12300,BERRIES,3843,11,3842,54,,,3850,11,3851,54,,,3846.5,226.734375
2,12400,BERRIES,3843,20,3842,53,,,3850,73,,,,,3846.5,241.609375
2,12500,BERRIES,3843,18,3842,41,,,3850,18,3851,41,,,3846.5,232.96875
2,12600,BERRIES,3843,10,3842,59,,,3849,10,3850,59,,,3846,251
2,12700,BERRIES,3842,14,3841,57,,,3849,14,3850,57,,,3845.5,284.015625
2,12800,BERRIES,3842,19,3841,43,,,3849,19,3850,43,,,3845.5,302.765625
2,12900,BERRIES,3842,20,3841,42,,,3849,20,3850,42,,,3845.5,281.171875
2,13000,BERRIES,3845,7,3842,18,3841,47,3849,18,3850,47,,,3847,288.765625
2,13100,BERRIES,3842,14,3841,58,,,3849,14,3850,58,,,3845.5,300.9375
2,13200,BERRIES,3842,17,3841,58,,,3849,17,3850,58,,,3845.5,297.359375
2,13300,BERRIES,3842,20,3841,43,,,3848,20,3849,43,,,3845,308.234375
2,13400,BERRIES,3842,18,3841,55,,,3848,18,3849,55,,,3845,309.265625
2,13500,BERRIES,3842,19,3841,41,,,3849,19,3850,41,,,3845.5,280.765625
2,13600,BERRIES,3842,13,3841,40,,,3845,2,3849,13,3850,40,3843.5,271.5625
2,13700,BERRIES,3841,20,3840,45,,,3848,20,3849,45,,,3844.5,330.625
2,13800,BERRIES,3842,15,3841,46,,,3848,15,3849,46,,,3845,317.453125
2,13900,BERRIES,3841,20,3840,41,,,3848,20,3849,41,,,3844.5,337.234375
2,14000,BERRIES,3841,15,3840,60,,,3848,15,3849,60,,,3844.5,359.65625
2,14100,BERRIES,3841,13,3840,57,,,3848,13,3849,57,,,3844.5,326.4375
2,14200,BERRIES,3842,15,3841,60,,,3848,15,3849,60,,,3845,318.21875
2,14300,BERRIES,3842,12,3841,60,,,3849,12,3850,60,,,3845.5,294.171875
2,14400,BERRIES,3841,58,,,,,3848,18,3849,40,,,3844.5,322.609375
2,14500,BERRIES,3841,14,3840,55,,,3848,14,3849,55,,,3844.5,357.40625
2,14600,BERRIES,3842,12,3841,49,,,3848,12,3849,49,,,3845,348.4375
2,14700,BERRIES,3842,13,3841,47,,,3848,13,3849,47,,,3845,339.09375
2,14800,BERRIES,3842,15,3841,42,,,3844,1,3848,15,3849,42,3843,344.84375
2,14900,BERRIES,3841,20,3840,54,,,3848,20,3849,54,,,3844.5,390.28125
2,15000,BERRIES,3842,17,3841,59,,,3848,17,3849,59,,,3845,337.5
2,15100,BERRIES,3841,69,,,,,3848,16,3849,53,,,3844.5,352.21875
2,15200,BERRIES,3841,14,3840,52,,,3848,14,3849,52,,,3844.5,366.28125
2,15300,BERRIES,3840,17,3839,52,,,3847,17,3848,52,,,3843.5,464.625
2,15400,BERRIES,3840,19,3839,58,,,3846,19,3847,58,,,3843,489.6875
2,15500,BERRIES,3840,15,3839,53,,,3846,15,3847,53,,,3843,491.6875
2,15600,BERRIES,3839,18,3838,44,,,3846,18,3847,44,,,3842.5,521.6875
2,15700,BERRIES,3840,10,3839,45,,,3846,10,3847,45,,,3843,540.59375
2,15800,BERRIES,3839,18,3838,56,,,3846,18,3847,56,,,3842.5,524.1875
2,15900,BERRIES,3840,12,3839,40,,,3847,52,,,,,3843.5,494.40625
2,16000,BERRIES,3840,16,3839,41,,,3847,16,3848,41,,,3843.5,453.53125
2,16100,BERRIES,3840,11,3839,60,,,3847,11,3848,60,,,3843.5,459.8125
2,16200,BERRIES,3840,10,3839,53,,,3847,10,3848,53,,,3843.5,478.0625
2,16300,BERRIES,3841,19,3840,42,,,3848,61,,,,,3844.5,396.3125
2,16400,BERRIES,3841,19,3840,49,,,3848,19,3849,49,,,3844.5,348.34375
2,16500,BERRIES,3845,3,3842,15,3841,41,3848,15,3849,41,,,3846.5,318.03125
2,16600,BERRIES,3842,10,3841,42,,,3849,10,3850,42,,,3845.5,255.875
2,16700,BERRIES,3842,13,3841,52,,,3849,13,3850,52,,,3845.5,280.125
2,16800,BERRIES,3842,11,3841,44,,,3848,11,3849,44,,,3845,310.03125
2,16900,BERRIES,3842,19,3841,46,,,3848,19,3849,46,,,3845,298.6875
2,17000,BERRIES,3842,13,3841,59,,,3844,3,3849,13,3850,59,3843,294.15625
2,17100,BERRIES,3842,19,3841,40,,,3849,19,3850,40,,,3845.5,271.21875
2,17200,BERRIES,3842,19,3841,44,,,3849,19,3850,44,,,3845.5,289.65625
2,17300,BERRIES,3842,13,3841,46,,,3845,9,3849,13,3850,46,3843.5,251.53125
2,17400,BERRIES,3841,11,3840,44,,,3848,11,3849,44,,,3844.5,330.25
2,17500,BERRIES,3842,15,3841,54,,,3849,15,3850,54,,,3845.5,207.65625
2,17600,BERRIES,3843,15,3842,47,,,3850,15,3851,47,,,3846.5,133.0625
2,17700,BERRIES,3843,14,3842,47,,,3850,14,3851,47,,,3846.5,123.34375
2,17800,BERRIES,3844,13,3843,60,,,3850,13,3851,60,,,3847,42.53125
2,17900,BERRIES,3844,18,3843,60,,,3847,14,3851,18,3852,60,3845.5,-2.75
2,18000,BERRIES,3844,10,3843,58,,,3851,10,3852,58,,,3847.5,24.65625
2,18100,BERRIES,3844,20,3843,55,,,3851,20,3852,55,,,3847.5,21.53125
2,18200,BERRIES,3843,15,3842,43,,,3850,15,3851,43,,,3846.5,67.90625
2,18300,BERRIES,3844,20,3843,43,,,3851,20,3852,43,,,3847.5,15.71875
2,18400,BERRIES,3844,19,3843,43,,,3851,19,3852,43,,,3847.5,-22.1875
2,18500,BERRIES,3844,14,3843,53,,,3851,14,3852,53,,,3847.5,15.65625
2,18600,BERRIES,3843,18,3842,56,,,3850,18,3851,56,,,3846.5,94.8125
2,18700,BERRIES,3843,11,3842,55,,,3850,11,3851,55,,,3846.5,104.375
2,18800,BERRIES,3843,15,3842,41,,,3850,15,3851,41,,,3846.5,114.78125
2,18900,BERRIES,3843,18,3842,43,,,3849,18,3850,43,,,3846,158.40625
2,19000,BERRIES,3842,18,3841,49,,,3849,18,3850,49,,,3845.5,199.78125
2,19100,BERRIES,3843,17,3842,45,,,3850,62,,,,,3846.5,140.96875
2,19200,BERRIES,3842,16,3841,41,,,3849,16,3850,41,,,3845.5,195.125
2,19300,BERRIES,3842,20,3841,45,,,3849,20,3850,45,,,3845.5,202.78125
2,19400,BERRIES,3842,67,,,,,3849,20,3850,47,,,3845.5,169.5625
2,19500,BERRIES,3846,5,3843,14,3842,45,3849,14,3850,45,,,3847.5,161.03125
2,19600,BERRIES,3843,17,3842,53,,,3850,17,3851,53,,,3846.5,113.03125
2,19700,BERRIES,3843,17,3842,60,,,3850,17,3851,60,,,3846.5,106.96875
2,19800,BERRIES,3843,16,3842,51,,,3846,4,3850,16,3851,51,3844.5,100.25
2,19900,BERRIES,3843,18,3842,60,,,3850,18,3851,60,,,3846.5,84.125
2,20000,BERRIES,3843,16,3842,42,,,3849,16,3850,42,,,3846,149.78125
2,20100,BERRIES,3843,11,3842,60,,,3850,11,3851,60,,,3846.5,95.9375
2,20200,BERRIES,3842,10,3841,58,,,3849,10,3850,58,,,3845.5,185.9375
2,20300,BERRIES,3843,18,3842,43,,,3850,18,3851,43,,,3846.5,105.125
2,20400,BERRIES,3843,19,3842,49,,,3850,19,3851,49,,,3846.5,113.625
2,20500,BERRIES,3844,20,3843,49,,,3850,20,3851,49,,,3847,47.8125
2,20600,BERRIES,3843,17,3842,58,,,3846,15,3850,17,3851,58,3844.5,84.1875
2,20700,BERRIES,3842,13,3841,59,,,3849,13,3850,59,,,3845.5,175
2,20800,BERRIES,3843,18,3842,48,,,3849,18,3850,48,,,3846,148.3125
2,20900,BERRIES,3842,19,3841,54,,,3849,19,3850,54,,,3845.5,202.0625
2,21000,BERRIES,3843,13,3842,48,,,3849,13,3850,48,,,3846,168.09375
2,21100,BERRIES,3842,20,3841,56,,,3849,20,3850,56,,,3845.5,215.125
2,21200,BERRIES,3842,58,,,,,3849,18,3850,40,,,3845.5,172.21875
2,21300,BERRIES,3847,2,3844,17,3843,56,3850,17,3851,56,,,3848.5,38.34375
2,21400,BERRIES,3847,4,3844,20,3843,44,3851,20,3852,44,,,3849,6.03125
2,21500,BERRIES,3843,20,3842,52,,,3850,20,3851,52,,,3846.5,91.5
2,21600,BERRIES,3844,14,3843,46,,,3846,28,3851,14,3852,46,3845,7.4375
2,21700,BERRIES,3844,18,3843,42,,,3851,18,3852,42,,,3847.5,25.4375
2,21800,BERRIES,3843,16,3842,41,,,3850,16,3851,41,,,3846.5,107.53125
2,21900,BERRIES,3843,17,3842,60,,,3850,17,3851,60,,,3846.5,163.75
2,22000,BERRIES,3843,71,,,,,3850,13,3851,58,,,3846.5,86.9375
2,22100,BERRIES,3842,14,3841,55,,,3849,14,3850,55,,,3845.5,251.1875
2,22200,BERRIES,3841,11,3840,53,,,3848,11,3849,53,,,3844.5,346.25
2,22300,BERRIES,3842,10,3841,53,,,3849,10,3850,53,,,3845.5,290.3125
2,22400,BERRIES,3842,13,3841,60,,,3849,73,,,,,3845.5,295.5
2,22500,BERRIES,3845,13,3842,12,3841,56,3849,12,3850,56,,,3847,259.96875
2,22600,BERRIES,3843,15,3842,60,,,3849,15,3850,60,,,3846,192.40625
2,22700,BERRIES,3843,15,3842,54,,,3849,15,3850,54,,,3846,197.59375
2,22800,BERRIES,3842,17,3841,43,,,3849,17,3850,43,,,3845.5,220.46875
2,22900,BERRIES,3843,14,3842,57,,,3850,71,,,,,3846.5,175.6875
2,23000,BERRIES,3843,16,3842,52,,,3850,16,3851,52,,,3846.5,117.375
2,23100,BERRIES,3843,18,3842,41,,,3850,18,3851,41,,,3846.5,119.3125
2,23200,BERRIES,3843,20,3842,45,,,3846,2,3850,20,3851,45,3844.5,115.0625
2,23300,BERRIES,3843,14,3842,43,,,3850,14,3851,43,,,3846.5,146.59375
2,23400,BERRIES,3842,13,3841,57,,,3849,13,3850,57,,,3845.5,218.625
2,23500,BERRIES,3843,14,3842,56,,,3850,14,3851,56,,,3846.5,144.90625
2,23600,BERRIES,3843,19,3842,55,,,3850,19,3851,55,,,3846.5,171.15625
2,23700,BERRIES,3843,12,3842,60,,,3850,12,3851,60,,,3846.5,162.1875
2,23800,BERRIES,3843,16,3842,58,,,3850,16,3851,58,,,3846.5,92.125
2,23900,BERRIES,3844,15,3843,49,,,3851,15,3852,49,,,3847.5,9.0625
2,24000,BERRIES,3848,3,3845,14,3844,44,3852,14,3853,44,,,3850,-82.5
2,24100,BERRIES,3844,19,3843,48,,,3851,19,3852,48,,,3847.5,0.6875
2,24200,BERRIES,3844,14,3843,43,,,3851,14,3852,43,,,3847.5,6.625
2,24300,BERRIES,3844,11,3843,47,,,3851,11,3852,47,,,3847.5,41.84375
2,24400,BERRIES,3847,3,3844,14,3843,40,3851,14,3852,40,,,3849,50.625
2,24500,BERRIES,3844,20,3843,50,,,3851,20,3852,50,,,3847.5,20.5625
2,24600,BERRIES,3844,16,3843,56,,,3851,16,3852,56,,,3847.5,11.03125
2,24700,BERRIES,3844,15,3843,53,,,3851,15,3852,53,,,3847.5,13.0625
2,24800,BERRIES,3844,15,3843,45,,,3851,15,3852,45,,,3847.5,23.65625
2,24900,BERRIES,3847,16,3843,19,3842,47,3850,19,3851,47,,,3848.5,114
2,25000,BERRIES,3843,14,3842,49,,,3849,14,3850,49,,,3846,202.75
2,25100,BERRIES,3844,10,3843,47,,,3850,10,3851,47,,,3847,81.46875
2,25200,BERRIES,3844,18,3843,53,,,3850,18,3851,53,,,3847,78.34375
2,25300,BERRIES,3843,16,3842,45,,,3850,16,3851,45,,,3846.5,158.78125
2,25400,BERRIES,3843,20,3842,58,,,3850,20,3851,58,,,3846.5,109.53125
2,25500,BERRIES,3844,16,3843,56,,,3847,21,3851,16,3852,56,3845.5,-8.875
2,25600,BERRIES,3843,10,3842,49,,,3850,10,3851,49,,,3846.5,66.0625
2,25700,BERRIES,3844,19,3843,47,,,3851,66,,,,,3847.5,5.6875
2,25800,BERRIES,3844,12,3843,46,,,3850,12,3851,46,,,3847,36.53125
2,25900,BERRIES,3843,14,3842,46,,,3850,14,3851,46,,,3846.5,46.3125
2,26000,BERRIES,3844,16,3843,46,,,3851,16,3852,46,,,3847.5,-78.9375
2,26100,BERRIES,3844,18,3843,51,,,3851,18,3852,51,,,3847.5,-47.53125
2,26200,BERRIES,3844,15,3843,53,,,3851,15,3852,53,,,3847.5,-1.46875
2,26300,BERRIES,3844,10,3843,57,,,3851,10,3852,57,,,3847.5,-69.9375
2,26400,BERRIES,3845,17,3844,47,,,3852,17,3853,47,,,3848.5,-199.25
2,26500,BERRIES,3844,20,3843,56,,,3851,20,3852,56,,,3847.5,-137.4375
2,26600,BERRIES,3844,16,3843,51,,,3851,16,3852,51,,,3847.5,-103.625
2,26700,BERRIES,3844,14,3843,55,,,3851,14,3852,55,,,3847.5,-92.625
2,26800,BERRIES,3844,19,3843,55,,,3850,19,3851,55,,,3847,-12.4375
2,26900,BERRIES,3842,12,3841,59,,,3849,12,3850,59,,,3845.5,169.9375
2,27000,BERRIES,3843,11,3842,50,,,3849,11,3850,50,,,3846,131.75
2,27100,BERRIES,3843,19,3842,42,,,3850,19,3851,42,,,3846.5,93.4375
2,27200,BERRIES,3842,14,3841,42,,,3849,14,3850,42,,,3845.5,270.75
2,27300,BERRIES,3842,17,3841,40,,,3849,17,3850,40,,,3845.5,266.8125
2,27400,BERRIES,3842,11,3841,46,,,3849,11,3850,46,,,3845.5,236.6875
2,27500,BERRIES,3842,10,3841,45,,,3849,10,3850,45,,,3845.5,274.125
2,27600,BERRIES,3842,15,3841,57,,,3849,15,3850,57,,,3845.5,329.5625
2,27700,BERRIES,3842,20,3841,58,,,3849,20,3850,58,,,3845.5,310.625
2,27800,BERRIES,3842,19,3841,46,,,3848,19,3849,46,,,3845,349.75
2,27900,BERRIES,3842,18,3841,52,,,3849,18,3850,52,,,3845.5,299.125
2,28000,BERRIES,3841,18,3840,47,,,3844,3,3848,18,3849,47,3842.5,416.1875
2,28100,BERRIES,3842,12,3841,54,,,3848,12,3849,54,,,3845,366.5
2,28200,BERRIES,3843,17,3842,52,,,3845,5,3849,17,3850,52,3844,174.375
2,28300,BERRIES,3842,15,3841,59,,,3849,15,3850,59,,,3845.5,221.0625
2,28400,BERRIES,3843,14,3842,55,,,3849,14,3850,55,,,3846,207.8125
2,28500,BERRIES,3842,13,3841,55,,,3849,13,3850,55,,,3845.5,234.6875
2,28600,BERRIES,3842,14,3841,51,,,3849,14,3850,51,,,3845.5,325.8125
2,28700,BERRIES,3841,14,3840,46,,,3848,14,3849,46,,,3844.5,434.5625
2,28800,BERRIES,3841,18,3840,60,,,3848,18,3849,60,,,3844.5,438
2,28900,BERRIES,3842,12,3841,54,,,3848,12,3849,54,,,3845,389.0625
2,29000,BERRIES,3842,14,3841,45,,,3848,14,3849,45,,,3845,386.1875
2,29100,BERRIES,3841,11,3840,53,,,3848,11,3849,53,,,3844.5,429.75
2,29200,BERRIES,3842,17,3841,54,,,3849,17,3850,54,,,3845.5,258.625
2,29300,BERRIES,3842,12,3841,45,,,3845,1,3849,12,3850,45,3843.5,229.3125
2,29400,BERRIES,3843,12,3842,52,,,3849,12,3850,52,,,3846,196.5
2,29500,BERRIES,3843,11,3842,42,,,3846,30,3850,11,3851,42,3844.5,117.125
2,29600,BERRIES,3844,16,3843,41,,,3850,16,3851,41,,,3847,15.9375
2,29700,BERRIES,3844,13,3843,58,,,3851,13,3852,58,,,3847.5,-73.5
2,29800,BERRIES,3845,11,3844,45,,,3851,11,3852,45,,,3848,-159.875
2,29900,BERRIES,3844,18,3843,49,,,3851,18,3852,49,,,3847.5,-108.8125
2,30000,BERRIES,3845,12,3844,57,,,3851,12,3852,57,,,3848,-126.875
2,30100,BERRIES,3845,16,3844,50,,,3852,16,3853,50,,,3848.5,-205.3125
2,30200,BERRIES,3845,17,3844,56,,,3852,17,3853,56,,,3848.5,-188.75
2,30300,BERRIES,3845,10,3844,45,,,3852,10,3853,45,,,3848.5,-201.875
2,30400,BERRIES,3845,12,3844,45,,,3851,12,3852,45,,,3848,-157.875
2,30500,BERRIES,3844,14,3843,44,,,3851,14,3852,44,,,3847.5,-115.125
2,30600,BERRIES,3845,19,3844,47,,,3852,19,3853,47,,,3848.5,-192.125
2,30700,BERRIES,3845,12,3844,58,,,3852,12,3853,58,,,3848.5,-196.8125
2,30800,BERRIES,3845,15,3844,40,,,3852,15,3853,40,,,3848.5,-194.75
2,30900,BERRIES,3845,10,3844,43,,,3852,10,3853,43,,,3848.5,-253.75
2,31000,BERRIES,3845,11,3844,43,,,3852,11,3853,43,,,3848.5,-278.4375
2,31100,BERRIES,3846,16,3845,42,,,3852,16,3853,42,,,3849,-303.625
2,31200,BERRIES,3845,11,3844,52,,,3852,11,3853,52,,,3848.5,-216.375
2,31300,BERRIES,3844,13,3843,49,,,3851,13,3852,49,,,3847.5,-72
2,31400,BERRIES,3845,16,3844,58,,,3852,16,3853,58,,,3848.5,-143.875
2,31500,BERRIES,3845,12,3844,51,,,3852,63,,,,,3848.5,-128.0625
2,31600,BERRIES,3845,10,3844,58,,,3852,68,,,,,3848.5,-123.5625
2,31700,BERRIES,3845,17,3844,55,,,3852,17,3853,55,,,3848.5,-130.375
2,31800,BERRIES,3845,16,3844,51,,,3852,67,,,,,3848.5,-165.4375
2,31900,BERRIES,3844,20,3843,49,,,3851,20,3852,49,,,3847.5,-102.4375
2,32000,BERRIES,3844,18,3843,43,,,3851,18,3852,43,,,3847.5,-45.6875
2,32100,BERRIES,3844,15,3843,57,,,3851,15,3852,57,,,3847.5,-36.9375
2,32200,BERRIES,3844,17,3843,47,,,3851,17,3852,47,,,3847.5,-26.25
2,32300,BERRIES,3844,19,3843,50,,,3851,19,3852,50,,,3847.5,-91.5625
2,32400,BERRIES,3844,17,3843,41,,,3851,17,3852,41,,,3847.5,-27.625
2,32500,BERRIES,3844,10,3843,43,,,3851,10,3852,43,,,3847.5,-15.9375
2,32600,BERRIES,3844,20,3843,42,,,3851,20,3852,42,,,3847.5,25.1875
2,32700,BERRIES,3844,17,3843,58,,,3851,17,3852,58,,,3847.5,21.0625
2,32800,BERRIES,3844,19,3843,51,,,3851,19,3852,51,,,3847.5,-29.4375
2,32900,BERRIES,3844,13,3843,51,,,3851,13,3852,51,,,3847.5,-68.75
2,33000,BERRIES,3844,11,3843,60,,,3851,11,3852,60,,,3847.5,-138.875
2,33100,BERRIES,3844,13,3843,60,,,3851,13,3852,60,,,3847.5,-38.625
2,33200,BERRIES,3847,3,3844,11,3843,59,3851,70,,,,,3849,-9.75
2,33300,BERRIES,3844,13,3843,47,,,3851,13,3852,47,,,3847.5,-16.5
2,33400,BERRIES,3844,12,3843,40,,,3851,12,3852,40,,,3847.5,-73.8125
2,33500,BERRIES,3844,17,3843,58,,,3851,17,3852,58,,,3847.5,-97.75
2,33600,BERRIES,3844,19,3843,57,,,3847,2,3851,19,3852,57,3845.5,-110.5625
2,33700,BERRIES,3845,17,3844,49,,,3852,17,3853,49,,,3848.5,-237
2,33800,BERRIES,3844,11,3843,42,,,3851,11,3852,42,,,3847.5,-105.0625
2,33900,BERRIES,3844,19,3843,58,,,3851,19,3852,58,,,3847.5,-55.875
2,34000,BERRIES,3847,4,3844,17,3843,51,3851,17,3852,51,,,3849,-40.4375
2,34100,BERRIES,3844,15,3843,57,,,3851,15,3852,57,,,3847.5,-79.1875
2,34200,BERRIES,3844,18,3843,55,,,3851,18,3852,55,,,3847.5,-145.125
2,34300,BERRIES,3845,52,,,,,3852,10,3853,42,,,3848.5,-370.5
2,34400,BERRIES,3845,13,3844,56,,,3852,13,3853,56,,,3848.5,-348.5
2,34500,BERRIES,3845,76,,,,,3852,19,3853,57,,,3848.5,-372.3125
2,34600,BERRIES,3845,18,3844,45,,,3852,18,3853,45,,,3848.5,-292.5
2,34700,BERRIES,3845,20,3844,41,,,3852,20,3853,41,,,3848.5,-303.9375
2,34800,BERRIES,3846,10,3845,56,,,3853,66,,,,,3849.5,-422.3125
2,34900,BERRIES,3845,14,3844,48,,,3852,14,3853,48,,,3848.5,-250.375
2,35000,BERRIES,3845,10,3844,41,,,3852,10,3853,41,,,3848.5,-256.8125
2,35100,BERRIES,3845,16,3844,54,,,3852,16,3853,54,,,3848.5,-242.5
2,35200,BERRIES,3846,11,3845,52,,,3852,11,3853,52,,,3849,-393.6875
2,35300,BERRIES,3845,63,,,,,3852,20,3853,43,,,3848.5,-367.875
2,35400,BERRIES,3846,11,3845,44,,,3853,11,3854,44,,,3849.5,-485.0625
2,35500,BERRIES,3846,13,3845,47,,,3853,13,3854,47,,,3849.5,-517.5
2,35600,BERRIES,3846,14,3845,60,,,3852,14,3853,60,,,3849,-413.4375
2,35700,BERRIES,3845,17,3844,57,,,3852,17,3853,57,,,3848.5,-312.375
2,35800,BERRIES,3846,19,3845,41,,,3853,19,3854,41,,,3849.5,-467.125
2,35900,BERRIES,3846,11,3845,47,,,3853,11,3854,47,,,3849.5,-434.5
2,36000,BERRIES,3846,13,3845,58,,,3853,13,3854,58,,,3849.5,-565.3125
2,36100,BERRIES,3846,15,3845,58,,,3853,15,3854,58,,,3849.5,-428.0625
2,36200,BERRIES,3846,17,3845,43,,,3853,17,3854,43,,,3849.5,-494.875
2,36300,BERRIES,3847,11,3846,57,,,3854,11,3855,57,,,3850.5,-681.625
2,36400,BERRIES,3847,13,3846,58,,,3854,71,,,,,3850.5,-596.625
2,36500,BERRIES,3846,20,3845,56,,,3853,20,3854,56,,,3849.5,-419.125
2,36600,BERRIES,3846,17,3845,56,,,3853,17,3854,56,,,3849.5,-389.9375
2,36700,BERRIES,3845,13,3844,59,,,3851,13,3852,59,,,3848,-145.125
2,36800,BERRIES,3844,12,3843,57,,,3847,15,3851,12,3852,57,3845.5,-41.875
2,36900,BERRIES,3845,17,3844,43,,,3852,17,3853,43,,,3848.5,-165.6875
2,37000,BERRIES,3845,19,3844,48,,,3852,19,3853,48,,,3848.5,-190.1875
2,37100,BERRIES,3845,14,3844,41,,,3852,55,,,,,3848.5,-140.5625
2,37200,BERRIES,3844,12,3843,43,,,3851,12,3852,43,,,3847.5,-51.1875
2,37300,BERRIES,3843,65,,,,,3850,14,3851,51,,,3846.5,145.625
2,37400,BERRIES,3847,3,3844,12,3843,50,3851,12,3852,50,,,3849,19.625
2,37500,BERRIES,3843,17,3842,51,,,3850,17,3851,51,,,3846.5,157.3125
2,37600,BERRIES,3844,19,3843,42,,,3851,19,3852,42,,,3847.5,41.8125
2,37700,BERRIES,3845,13,3844,44,,,3851,13,3852,44,,,3848,-109.4375
2,37800,BERRIES,3845,16,3844,50,,,3852,66,,,,,3848.5,-137.9375
2,37900,BERRIES,3844,20,3843,56,,,3851,20,3852,56,,,3847.5,-50.5
2,38000,BERRIES,3844,14,3843,48,,,3851,14,3852,48,,,3847.5,-52.8125
2,38100,BERRIES,3845,20,3844,45,,,3851,20,3852,45,,,3848,-120.5
2,38200,BERRIES,3844,16,3843,43,,,3851,16,3852,43,,,3847.5,36.9375
2,38300,BERRIES,3844,18,3843,55,,,3851,18,3852,55,,,3847.5,60.125
2,38400,BERRIES,3847,1,3844,14,3843,50,3851,14,3852,50,,,3849,83.5625
2,38500,BERRIES,3844,16,3843,55,,,3851,16,3852,55,,,3847.5,-9.1875
2,38600,BERRIES,3844,12,3843,50,,,3851,12,3852,50,,,3847.5,25.0625
2,38700,BERRIES,3845,15,3844,48,,,3852,15,3853,48,,,3848.5,-325.25
2,38800,BERRIES,3849,1,3846,19,3845,59,3852,19,3853,59,,,3850.5,-373.3125
2,38900,BERRIES,3848,15,3845,16,3844,45,3852,16,3853,45,,,3850,-214.5625
2,39000,BERRIES,3844,10,3843,52,,,3851,10,3852,52,,,3847.5,-31.3125
2,39100,BERRIES,3844,59,,,,,3851,10,3852,49,,,3847.5,-96.1875
2,39200,BERRIES,3844,14,3843,41,,,3851,14,3852,41,,,3847.5,-72.625
2,39300,BERRIES,3844,17,3843,59,,,3851,17,3852,59,,,3847.5,65.375
2,39400,BERRIES,3845,16,3844,40,,,3851,16,3852,40,,,3848,-115.4375
2,39500,BERRIES,3845,13,3844,52,,,3852,13,3853,52,,,3848.5,-240.625
2,39600,BERRIES,3846,14,3845,47,,,3853,14,3854,47,,,3849.5,-511.6875
2,39700,BERRIES,3846,12,3845,58,,,3853,12,3854,58,,,3849.5,-585.3125
2,39800,BERRIES,3846,16,3845,47,,,3853,16,3854,47,,,3849.5,-488.8125
2,39900,BERRIES,3845,14,3844,53,,,3852,14,3853,53,,,3848.5,-231.9375
2,40000,BERRIES,3845,13,3844,45,,,3852,13,3853,45,,,3848.5,-230.3125
2,40100,BERRIES,3846,19,3845,51,,,3852,19,3853,51,,,3849,-383.75
2,40200,BERRIES,3846,12,3845,42,,,3853,12,3854,42,,,3849.5,-646.3125
2,40300,BERRIES,3847,10,3846,42,,,3854,10,3855,42,,,3850.5,-809.0625
2,40400,BERRIES,3848,19,3847,59,,,3854,19,3855,59,,,3851,-978.625
2,40500,BERRIES,3848,12,3847,41,,,3854,12,3855,41,,,3851,-972.125
2,40600,BERRIES,3848,20,3847,48,,,3855,20,3856,48,,,3851.5,-1051.3125
2,40700,BERRIES,3848,17,3847,57,,,3855,17,3856,57,,,3851.5,-994.75
2,40800,BERRIES,3849,10,3848,51,,,3851,1,3855,10,3856,51,3850,-1215.25
2,40900,BERRIES,3848,11,3847,42,,,3855,11,3856,42,,,3851.5,-1150.25
2,41000,BERRIES,3849,10,3848,50,,,3856,10,3857,50,,,3852.5,-1330
2,41100,BERRIES,3848,17,3847,44,,,3855,17,3856,44,,,3851.5,-1125.375
2,41200,BERRIES,3848,13,3847,51,,,3855,13,3856,51,,,3851.5,-1085
2,41300,BERRIES,3848,18,3847,50,,,3851,29,3855,18,3856,50,3849.5,-1109.625
2,41400,BERRIES,3849,16,3848,42,,,3856,16,3857,42,,,3852.5,-1317.375
2,41500,BERRIES,3849,18,3848,42,,,3856,18,3857,42,,,3852.5,-1293.75
2,41600,BERRIES,3852,6,3848,15,3847,51,3855,15,3856,51,,,3853.5,-1156.25
2,41700,BERRIES,3849,18,3848,60,,,3855,18,3856,60,,,3852,-1233.875
2,41800,BERRIES,3848,66,,,,,3855,20,3856,46,,,3851.5,-1175.875
2,41900,BERRIES,3848,10,3847,57,,,3855,10,3856,57,,,3851.5,-1107.375
2,42000,BERRIES,3848,14,3847,44,,,3855,14,3856,44,,,3851.5,-1101.875
2,42100,BERRIES,3849,13,3848,41,,,3856,13,3857,41,,,3852.5,-1331.25
2,42200,BERRIES,3848,15,3847,60,,,3855,15,3856,60,,,3851.5,-1140.875
2,42300,BERRIES,3849,16,3848,48,,,3855,16,3856,48,,,3852,-1230.5
2,42400,BERRIES,3849,18,3848,50,,,3856,18,3857,50,,,3852.5,-1406.75
2,42500,BERRIES,3849,17,3848,49,,,3856,17,3857,49,,,3852.5,-1392.875
2,42600,BERRIES,3849,16,3848,44,,,3856,60,,,,,3852.5,-1248.125
2,42700,BERRIES,3849,15,3848,45,,,3855,15,3856,45,,,3852,-1196.25
2,42800,BERRIES,3848,66,,,,,3855,12,3856,54,,,3851.5,-1139.625
2,42900,BERRIES,3849,20,3848,43,,,3852,14,3856,20,3857,43,3850.5,-1322.625
2,43000,BERRIES,3849,20,3848,53,,,3856,20,3857,53,,,3852.5,-1390.75
2,43100,BERRIES,3849,12,3848,40,,,3856,12,3857,40,,,3852.5,-1298.625
2,43200,BERRIES,3849,19,3848,47,,,3856,19,3857,47,,,3852.5,-1371.625
2,43300,BERRIES,3850,14,3849,44,,,3857,14,3858,44,,,3853.5,-1670.875
2,43400,BERRIES,3850,11,3849,50,,,3856,11,3857,50,,,3853,-1547.75
2,43500,BERRIES,3849,72,,,,,3852,19,3856,14,3857,58,3850.5,-1513
2,43600,BERRIES,3849,16,3848,54,,,3856,16,3857,54,,,3852.5,-1427
2,43700,BERRIES,3849,15,3848,48,,,3855,15,3856,48,,,3852,-1236.25
2,43800,BERRIES,3849,11,3848,52,,,3856,11,3857,52,,,3852.5,-1417.125
2,43900,BERRIES,3849,13,3848,55,,,3856,68,,,,,3852.5,-1278.625
2,44000,BERRIES,3848,12,3847,58,,,3855,12,3856,58,,,3851.5,-1143
2,44100,BERRIES,3851,5,3848,20,3847,42,3855,20,3856,42,,,3853,-1086.625
2,44200,BERRIES,3849,13,3848,42,,,3851,3,3855,13,3856,42,3850,-1233.75
2,44300,BERRIES,3849,13,3848,40,,,3855,13,3856,40,,,3852,-1205.375
2,44400,BERRIES,3848,16,3847,57,,,3855,16,3856,57,,,3851.5,-1063.25
2,44500,BERRIES,3851,25,3848,14,3847,47,3855,14,3856,47,,,3853,-1039.875
2,44600,BERRIES,3848,15,3847,40,,,3855,15,3856,40,,,3851.5,-1021.25
2,44700,BERRIES,3848,14,3847,51,,,3855,14,3856,51,,,3851.5,-1159.25
2,44800,BERRIES,3848,17,3847,51,,,3855,17,3856,51,,,3851.5,-1128
2,44900,BERRIES,3848,12,3847,54,,,3855,12,3856,54,,,3851.5,-1149.375
2,45000,BERRIES,3849,13,3848,41,,,3856,13,3857,41,,,3852.5,-1397.25
2,45100,BERRIES,3849,15,3848,41,,,3856,15,3857,41,,,3852.5,-1447.875
2,45200,BERRIES,3849,11,3848,59,,,3855,11,3856,59,,,3852,-1268.625
2,45300,BERRIES,3848,20,3847,49,,,3850,12,3855,20,3856,49,3849,-1007.25
2,45400,BERRIES,3848,16,3847,40,,,3854,16,3855,40,,,3851,-980.125
2,45500,BERRIES,3847,66,,,,,3854,20,3855,46,,,3850.5,-911
2,45600,BERRIES,3847,19,3846,41,,,3854,19,3855,41,,,3850.5,-685.625
2,45700,BERRIES,3847,17,3846,52,,,3854,17,3855,52,,,3850.5,-704
2,45800,BERRIES,3848,10,3847,45,,,3855,10,3856,45,,,3851.5,-1221.625
2,45900,BERRIES,3848,19,3847,54,,,3855,19,3856,54,,,3851.5,-1066.375
2,46000,BERRIES,3848,11,3847,55,,,3855,66,,,,,3851.5,-998
2,46100,BERRIES,3848,11,3847,57,,,3850,10,3855,68,,,3849,-997.625
2,46200,BERRIES,3848,11,3847,45,,,3855,11,3856,45,,,3851.5,-1014.25
2,46300,BERRIES,3847,11,3846,50,,,3854,11,3855,50,,,3850.5,-887.75
2,46400,BERRIES,3848,12,3847,53,,,3854,12,3855,53,,,3851,-938.25
2,46500,BERRIES,3848,19,3847,49,,,3855,19,3856,49,,,3851.5,-1038.375
2,46600,BERRIES,3848,16,3847,47,,,3854,16,3855,47,,,3851,-931.75
2,46700,BERRIES,3847,11,3846,45,,,3854,11,3855,45,,,3850.5,-729
2,46800,BERRIES,3847,16,3846,58,,,3854,16,3855,58,,,3850.5,-714.625
2,46900,BERRIES,3846,12,3845,50,,,3853,12,3854,50,,,3849.5,-471.5
2,47000,BERRIES,3846,14,3845,52,,,3853,14,3854,52,,,3849.5,-412.75
2,47100,BERRIES,3847,11,3846,50,,,3853,11,3854,50,,,3850,-676.875
2,47200,BERRIES,3847,13,3846,56,,,3854,13,3855,56,,,3850.5,-765
2,47300,BERRIES,3850,1,3846,15,3845,41,3853,15,3854,41,,,3851.5,-605.75
2,47400,BERRIES,3846,18,3845,53,,,3853,18,3854,53,,,3849.5,-596
2,47500,BERRIES,3847,11,3846,54,,,3854,11,3855,54,,,3850.5,-885.375
2,47600,BERRIES,3848,12,3847,47,,,3855,12,3856,47,,,3851.5,-1211.25
2,47700,BERRIES,3848,14,3847,54,,,3855,14,3856,54,,,3851.5,-1283.125
2,47800,BERRIES,3848,16,3847,43,,,3851,1,3855,16,3856,43,3849.5,-1235
2,47900,BERRIES,3848,15,3847,56,,,3854,15,3855,56,,,3851,-1002.75
2,48000,BERRIES,3848,19,3847,57,,,3855,19,3856,57,,,3851.5,-1127.125
2,48100,BERRIES,3848,13,3847,56,,,3855,13,3856,56,,,3851.5,-1100
2,48200,BERRIES,3848,16,3847,50,,,3855,16,3856,50,,,3851.5,-1181.625
2,48300,BERRIES,3848,10,3847,42,,,3850,14,3854,10,3855,42,3849,-1021.25
2,48400,BERRIES,3847,13,3846,52,,,3854,13,3855,52,,,3850.5,-855.25
2,48500,BERRIES,3848,19,3847,43,,,3854,19,3855,43,,,3851,-974.375
2,48600,BERRIES,3848,12,3847,44,,,3855,12,3856,44,,,3851.5,-1290.875
2,48700,BERRIES,3849,17,3848,54,,,3856,17,3857,54,,,3852.5,-1637.375
2,48800,BERRIES,3850,12,3849,41,,,3857,12,3858,41,,,3853.5,-1832.125
2,48900,BERRIES,3850,16,3849,43,,,3857,16,3858,43,,,3853.5,-1914.125
2,49000,BERRIES,3851,15,3850,42,,,3858,15,3859,42,,,3854.5,-2271.625
2,49100,BERRIES,3850,19,3849,49,,,3857,19,3858,49,,,3853.5,-2059.75
2,49200,BERRIES,3850,12,3849,40,,,3857,12,3858,40,,,3853.5,-2008.75
2,49300,BERRIES,3850,18,3849,43,,,3856,18,3857,43,,,3853,-1742.875
2,49400,BERRIES,3850,13,3849,47,,,3857,13,3858,47,,,3853.5,-1905.125
2,49500,BERRIES,3850,20,3849,53,,,3857,20,3858,53,,,3853.5,-1937.375
2,49600,BERRIES,3850,19,3849,44,,,3857,19,3858,44,,,3853.5,-1977.5
2,49700,BERRIES,3850,12,3849,42,,,3857,12,3858,42,,,3853.5,-1993.125
2,49800,BERRIES,3850,76,,,,,3857,17,3858,59,,,3853.5,-2079.625
2,49900,BERRIES,3851,12,3850,50,,,3858,12,3859,50,,,3854.5,-2231.625
2,50000,BERRIES,3851,15,3850,60,,,3857,15,3858,60,,,3854,-2089.75
2,50100,BERRIES,3851,12,3850,51,,,3857,12,3858,51,,,3854,-2118.375
2,50200,BERRIES,3851,12,3850,59,,,3858,12,3859,59,,,3854.5,-2284.25
2,50300,BERRIES,3852,15,3851,49,,,3859,15,3860,49,,,3855.5,-2608.125
2,50400,BERRIES,3852,20,3851,41,,,3858,20,3859,41,,,3855,-2505.125
2,50500,BERRIES,3851,10,3850,49,,,3858,10,3859,49,,,3854.5,-2381.125
2,50600,BERRIES,3851,11,3850,58,,,3858,11,3859,58,,,3854.5,-2318
2,50700,BERRIES,3852,11,3851,45,,,3858,11,3859,45,,,3855,-2502.125
2,50800,BERRIES,3852,10,3851,49,,,3859,10,3860,49,,,3855.5,-2548.625
2,50900,BERRIES,3853,16,3852,47,,,3860,16,3861,47,,,3856.5,-2917.625
2,51000,BERRIES,3853,15,3852,54,,,3855,5,3860,15,3861,54,3854,-2924.5
2,51100,BERRIES,3853,10,3852,55,,,3859,10,3860,55,,,3856,-2821.625
2,51200,BERRIES,3853,16,3852,47,,,3860,16,3861,47,,,3856.5,-2991.25
2,51300,BERRIES,3856,4,3852,72,,,3859,12,3860,60,,,3857.5,-2807.125
2,51400,BERRIES,3853,20,3852,55,,,3860,20,3861,55,,,3856.5,-2983.375
2,51500,BERRIES,3853,14,3852,52,,,3860,14,3861,52,,,3856.5,-2999.75
2,51600,BERRIES,3853,12,3852,45,,,3859,12,3860,45,,,3856,-2842.25
2,51700,BERRIES,3856,5,3853,14,3852,59,3860,73,,,,,3858,-2893.5
2,51800,BERRIES,3855,13,3852,10,3851,56,3859,10,3860,56,,,3857,-2695.125
2,51900,BERRIES,3853,14,3852,56,,,3860,70,,,,,3856.5,-2895.875
2,52000,BERRIES,3853,17,3852,42,,,3860,17,3861,42,,,3856.5,-2990.25
2,52100,BERRIES,3853,19,3852,47,,,3860,66,,,,,3856.5,-2890.5
2,52200,BERRIES,3852,14,3851,55,,,3859,14,3860,55,,,3855.5,-2634
2,52300,BERRIES,3852,17,3851,50,,,3859,17,3860,50,,,3855.5,-2554.875
2,52400,BERRIES,3852,13,3851,44,,,3859,13,3860,44,,,3855.5,-2542.875
2,52500,BERRIES,3852,16,3851,46,,,3858,16,3859,46,,,3855,-2456.875
2,52600,BERRIES,3852,14,3851,45,,,3859,14,3860,45,,,3855.5,-2632.875
2,52700,BERRIES,3852,10,3851,50,,,3855,19,3859,10,3860,50,3853.5,-2663.625
2,52800,BERRIES,3853,20,3852,50,,,3860,20,3861,50,,,3856.5,-2997.75
2,52900,BERRIES,3854,11,3853,42,,,3860,11,3861,42,,,3857,-3201.875
2,53000,BERRIES,3853,19,3852,60,,,3860,19,3861,60,,,3856.5,-3113
2,53100,BERRIES,3853,12,3852,46,,,3860,12,3861,46,,,3856.5,-3146.375
2,53200,BERRIES,3854,17,3853,49,,,3861,66,,,,,3857.5,-3246.5
2,53300,BERRIES,3853,16,3852,55,,,3860,16,3861,55,,,3856.5,-3146.375
2,53400,BERRIES,3854,16,3853,59,,,3856,11,3860,16,3861,59,3855,-3232.5
2,53500,BERRIES,3854,13,3853,52,,,3861,13,3862,52,,,3857.5,-3268.5
2,53600,BERRIES,3854,18,3853,55,,,3860,18,3861,55,,,3857,-3181.375
2,53700,BERRIES,3853,11,3852,57,,,3860,11,3861,57,,,3856.5,-3014.875
2,53800,BERRIES,3854,10,3853,49,,,3860,10,3861,49,,,3857,-3206.125
2,53900,BERRIES,3857,2,3854,14,3853,50,3861,14,3862,50,,,3859,-3280
2,54000,BERRIES,3857,29,3854,16,3853,47,3861,16,3862,47,,,3859,-3335.625
2,54100,BERRIES,3853,18,3852,49,,,3860,18,3861,49,,,3856.5,-2985.125
2,54200,BERRIES,3853,11,3852,45,,,3860,11,3861,45,,,3856.5,-3050.5
2,54300,BERRIES,3854,15,3853,40,,,3861,15,3862,40,,,3857.5,-3324.125
2,54400,BERRIES,3855,12,3854,49,,,3861,12,3862,49,,,3858,-3572.25
2,54500,BERRIES,3854,20,3853,48,,,3861,20,3862,48,,,3857.5,-3439.375
2,54600,BERRIES,3854,16,3853,60,,,3861,16,3862,60,,,3857.5,-3265.5
2,54700,BERRIES,3854,15,3853,57,,,3861,15,3862,57,,,3857.5,-3449.75
2,54800,BERRIES,3854,55,,,,,3861,15,3862,40,,,3857.5,-3496.125
2,54900,BERRIES,3855,13,3854,46,,,3862,13,3863,46,,,3858.5,-3594.25
2,55000,BERRIES,3855,16,3854,46,,,3857,19,3862,16,3863,46,3856,-3598
2,55100,BERRIES,3854,16,3853,52,,,3861,16,3862,52,,,3857.5,-3307
2,55200,BERRIES,3854,10,3853,53,,,3861,10,3862,53,,,3857.5,-3235.75
2,55300,BERRIES,3854,19,3853,53,,,3860,19,3861,53,,,3857,-3189.875
2,55400,BERRIES,3853,20,3852,43,,,3860,20,3861,43,,,3856.5,-2960.5
2,55500,BERRIES,3854,12,3853,51,,,3861,12,3862,51,,,3857.5,-3235.75
2,55600,BERRIES,3854,13,3853,49,,,3861,13,3862,49,,,3857.5,-3437.125
2,55700,BERRIES,3854,19,3853,58,,,3861,19,3862,58,,,3857.5,-3234.25
2,55800,BERRIES,3854,15,3853,43,,,3860,15,3861,43,,,3857,-3203.125
2,55900,BERRIES,3854,19,3853,51,,,3861,19,3862,51,,,3857.5,-3367.125
2,56000,BERRIES,3854,16,3853,46,,,3861,16,3862,46,,,3857.5,-3440.625
2,56100,BERRIES,3854,17,3853,52,,,3860,17,3861,52,,,3857,-3251.375
2,56200,BERRIES,3854,16,3853,45,,,3860,16,3861,45,,,3857,-3200.125
2,56300,BERRIES,3853,17,3852,44,,,3860,17,3861,44,,,3856.5,-3093
2,56400,BERRIES,3853,19,3852,51,,,3860,19,3861,51,,,3856.5,-3071.375
2,56500,BERRIES,3853,15,3852,58,,,3860,15,3861,58,,,3856.5,-3136.5
2,56600,BERRIES,3853,20,3852,40,,,3860,20,3861,40,,,3856.5,-3109.5
2,56700,BERRIES,3853,51,,,,,3860,10,3861,41,,,3856.5,-3135
2,56800,BERRIES,3854,16,3853,46,,,3861,16,3862,46,,,3857.5,-3386.875
2,56900,BERRIES,3854,16,3853,44,,,3861,16,3862,44,,,3857.5,-3277.5
2,57000,BERRIES,3854,19,3853,49,,,3860,19,3861,49,,,3857,-3212.75
2,57100,BERRIES,3854,19,3853,52,,,3861,19,3862,52,,,3857.5,-3446.875
2,57200,BERRIES,3854,12,3853,60,,,3861,12,3862,60,,,3857.5,-3420.875
2,57300,BERRIES,3854,12,3853,44,,,3861,12,3862,44,,,3857.5,-3428.875
2,57400,BERRIES,3854,13,3853,56,,,3861,13,3862,56,,,3857.5,-3324.75
2,57500,BERRIES,3856,10,3853,17,3852,46,3860,17,3861,46,,,3858,-3017.75
2,57600,BERRIES,3853,20,3852,60,,,3860,20,3861,60,,,3856.5,-2856.25
2,57700,BERRIES,3852,18,3851,53,,,3859,18,3860,53,,,3855.5,-2529.875
2,57800,BERRIES,3852,13,3851,40,,,3859,13,3860,40,,,3855.5,-2565.25
2,57900,BERRIES,3852,16,3851,42,,,3859,16,3860,42,,,3855.5,-2462.625
2,58000,BERRIES,3852,18,3851,57,,,3859,18,3860,57,,,3855.5,-2522
2,58100,BERRIES,3852,16,3851,51,,,3859,16,3860,51,,,3855.5,-2530.5
2,58200,BERRIES,3852,20,3851,54,,,3859,20,3860,54,,,3855.5,-2677.5
2,58300,BERRIES,3852,12,3851,59,,,3859,12,3860,59,,,3855.5,-2537.25
2,58400,BERRIES,3852,11,3851,57,,,3859,11,3860,57,,,3855.5,-2708.75
2,58500,BERRIES,3852,14,3851,59,,,3859,14,3860,59,,,3855.5,-2578.75
2,58600,BERRIES,3852,15,3851,42,,,3859,15,3860,42,,,3855.5,-2539
2,58700,BERRIES,3852,10,3851,45,,,3859,10,3860,45,,,3855.5,-2664.25
2,58800,BERRIES,3852,16,3851,47,,,3859,16,3860,47,,,3855.5,-2578.875
2,58900,BERRIES,3853,18,3852,52,,,3859,18,3860,52,,,3856,-2825.75
2,59000,BERRIES,3853,16,3852,58,,,3860,16,3861,58,,,3856.5,-3053.875
2,59100,BERRIES,3853,19,3852,43,,,3860,19,3861,43,,,3856.5,-2954.75
2,59200,BERRIES,3853,19,3852,42,,,3860,19,3861,42,,,3856.5,-2894.125
2,59300,BERRIES,3852,16,3851,52,,,3859,16,3860,52,,,3855.5,-2709.875
2,59400,BERRIES,3852,11,3851,46,,,3859,11,3860,46,,,3855.5,-2453.25
2,59500,BERRIES,3852,12,3851,47,,,3859,12,3860,47,,,3855.5,-2510.5
2,59600,BERRIES,3852,12,3851,54,,,3859,12,3860,54,,,3855.5,-2596.25
2,59700,BERRIES,3853,13,3852,44,,,3860,13,3861,44,,,3856.5,-3062.5
2,59800,BERRIES,3853,58,,,,,3860,18,3861,40,,,3856.5,-3152.375
2,59900,BERRIES,3854,10,3853,56,,,3861,10,3862,56,,,3857.5,-3273.625
2,60000,BERRIES,3854,16,3853,46,,,3860,16,3861,46,,,3857,-3197.375
2,60100,BERRIES,3853,15,3852,54,,,3860,15,3861,54,,,3856.5,-3026
2,60200,BERRIES,3854,12,3853,44,,,3860,12,3861,44,,,3857,-3228.5
2,60300,BERRIES,3854,17,3853,43,,,3861,17,3862,43,,,3857.5,-3273
2,60400,BERRIES,3854,17,3853,47,,,3860,17,3861,47,,,3857,-3162.75
2,60500,BERRIES,3854,13,3853,51,,,3861,13,3862,51,,,3857.5,-3321.625
2,60600,BERRIES,3854,17,3853,46,,,3861,17,3862,46,,,3857.5,-3478.5
2,60700,BERRIES,3854,19,3853,42,,,3861,19,3862,42,,,3857.5,-3498.75
2,60800,BERRIES,3855,14,3854,56,,,3862,14,3863,56,,,3858.5,-3717.125
2,60900,BERRIES,3855,12,3854,53,,,3862,12,3863,53,,,3858.5,-3682.375
2,61000,BERRIES,3855,11,3854,44,,,3862,11,3863,44,,,3858.5,-3879.875
2,61100,BERRIES,3855,12,3854,55,,,3858,3,3862,12,3863,55,3856.5,-3797.625
2,61200,BERRIES,3854,13,3853,50,,,3861,13,3862,50,,,3857.5,-3454.75
2,61300,BERRIES,3854,15,3853,47,,,3861,15,3862,47,,,3857.5,-3494.875
2,61400,BERRIES,3854,18,3853,46,,,3860,18,3861,46,,,3857,-3225
2,61500,BERRIES,3854,16,3853,50,,,3857,5,3861,16,3862,50,3855.5,-3442.375
2,61600,BERRIES,3855,19,3854,54,,,3862,19,3863,54,,,3858.5,-3736.375
2,61700,BERRIES,3855,17,3854,56,,,3862,17,3863,56,,,3858.5,-3678.375
2,61800,BERRIES,3855,17,3854,55,,,3861,17,3862,55,,,3858,-3641.375
2,61900,BERRIES,3854,14,3853,42,,,3861,14,3862,42,,,3857.5,-3501.5
2,62000,BERRIES,3855,19,3854,52,,,3861,19,3862,52,,,3858,-3585.875
2,62100,BERRIES,3855,18,3854,46,,,3862,18,3863,46,,,3858.5,-3856
2,62200,BERRIES,3855,12,3854,42,,,3862,12,3863,42,,,3858.5,-3952.125
2,62300,BERRIES,3856,14,3855,58,,,3862,14,3863,58,,,3859,-4039.875
2,62400,BERRIES,3856,20,3855,53,,,3863,73,,,,,3859.5,-4115.125
2,62500,BERRIES,3856,14,3855,54,,,3863,14,3864,54,,,3859.5,-4331.125
2,62600,BERRIES,3856,14,3855,50,,,3863,14,3864,50,,,3859.5,-4217.625
2,62700,BERRIES,3856,15,3855,43,,,3863,15,3864,43,,,3859.5,-4246.125
2,62800,BERRIES,3857,11,3856,49,,,3863,11,3864,49,,,3860,-4492.625
2,62900,BERRIES,3856,13,3855,47,,,3863,13,3864,47,,,3859.5,-4383.75
2,63000,BERRIES,3860,3,3856,16,3855,46,3863,16,3864,46,,,3861.5,-4330.5
2,63100,BERRIES,3856,19,3855,50,,,3863,19,3864,50,,,3859.5,-4355
2,63200,BERRIES,3856,11,3855,55,,,3863,11,3864,55,,,3859.5,-4242.25
2,63300,BERRIES,3856,17,3855,59,,,3863,17,3864,59,,,3859.5,-4361.25
2,63400,BERRIES,3856,13,3855,52,,,3863,13,3864,52,,,3859.5,-4191.75
2,63500,BERRIES,3856,18,3855,59,,,3863,18,3864,59,,,3859.5,-4279
2,63600,BERRIES,3857,12,3856,49,,,3864,12,3865,49,,,3860.5,-4668.375
2,63700,BERRIES,3857,17,3856,52,,,3864,17,3865,52,,,3860.5,-4627.625
2,63800,BERRIES,3857,10,3856,57,,,3864,10,3865,57,,,3860.5,-4657.75
2,63900,BERRIES,3857,74,,,,,3864,20,3865,54,,,3860.5,-4895.75
2,64000,BERRIES,3858,14,3857,56,,,3865,14,3866,56,,,3861.5,-5081
2,64100,BERRIES,3858,19,3857,57,,,3865,19,3866,57,,,3861.5,-5154.125
2,64200,BERRIES,3858,18,3857,46,,,3865,18,3866,46,,,3861.5,-5075
2,64300,BERRIES,3858,13,3857,59,,,3864,13,3865,59,,,3861,-4911.875
2,64400,BERRIES,3858,11,3857,52,,,3864,11,3865,52,,,3861,-4932.75
2,64500,BERRIES,3857,11,3856,58,,,3860,1,3864,11,3865,58,3858.5,-4724.875
2,64600,BERRIES,3857,13,3856,51,,,3864,13,3865,51,,,3860.5,-4723.375
2,64700,BERRIES,3857,11,3856,44,,,3864,11,3865,44,,,3860.5,-4871.875
2,64800,BERRIES,3858,10,3857,45,,,3864,10,3865,45,,,3861,-4938.5
2,64900,BERRIES,3857,15,3856,59,,,3864,15,3865,59,,,3860.5,-4719.625
2,65000,BERRIES,3857,19,3856,55,,,3864,19,3865,55,,,3860.5,-4616.375
2,65100,BERRIES,3857,12,3856,51,,,3864,12,3865,51,,,3860.5,-4602
2,65200,BERRIES,3856,19,3855,54,,,3863,19,3864,54,,,3859.5,-4253.5
2,65300,BERRIES,3855,11,3854,56,,,3862,11,3863,56,,,3858.5,-4004.875
2,65400,BERRIES,3855,14,3854,58,,,3861,14,3862,58,,,3858,-3701.75
2,65500,BERRIES,3855,16,3854,41,,,3862,16,3863,41,,,3858.5,-3798
2,65600,BERRIES,3855,16,3854,42,,,3862,16,3863,42,,,3858.5,-3847
2,65700,BERRIES,3855,17,3854,44,,,3862,17,3863,44,,,3858.5,-3828.5
2,65800,BERRIES,3855,18,3854,41,,,3861,18,3862,41,,,3858,-3651.625
2,65900,BERRIES,3854,14,3853,51,,,3861,14,3862,51,,,3857.5,-3495.375
2,66000,BERRIES,3854,20,3853,45,,,3861,20,3862,45,,,3857.5,-3505.25
2,66100,BERRIES,3855,20,3854,55,,,3862,20,3863,55,,,3858.5,-3872.5
2,66200,BERRIES,3855,20,3854,56,,,3861,20,3862,56,,,3858,-3672.5
2,66300,BERRIES,3854,15,3853,52,,,3861,15,3862,52,,,3857.5,-3524
2,66400,BERRIES,3855,10,3854,49,,,3862,10,3863,49,,,3858.5,-3733.125
2,66500,BERRIES,3854,11,3853,48,,,3861,11,3862,48,,,3857.5,-3578.375
2,66600,BERRIES,3858,15,3855,20,3854,58,3861,20,3862,58,,,3859.5,-3643.375
2,66700,BERRIES,3854,11,3853,58,,,3861,11,3862,58,,,3857.5,-3306.5
2,66800,BERRIES,3854,60,,,,,3861,16,3862,44,,,3857.5,-3609.875
2,66900,BERRIES,3854,66,,,,,3861,12,3862,54,,,3857.5,-3598.875
2,67000,BERRIES,3854,15,3853,42,,,3861,15,3862,42,,,3857.5,-3360
2,67100,BERRIES,3854,14,3853,48,,,3861,14,3862,48,,,3857.5,-3329.25
2,67200,BERRIES,3853,11,3852,40,,,3860,11,3861,40,,,3856.5,-2958.625
2,67300,BERRIES,3853,17,3852,47,,,3859,17,3860,47,,,3856,-2748.625
2,67400,BERRIES,3852,16,3851,54,,,3859,16,3860,54,,,3855.5,-2513.75
2,67500,BERRIES,3855,1,3852,19,3851,42,3858,19,3859,42,,,3856.5,-2397.375
2,67600,BERRIES,3852,18,3851,44,,,3858,18,3859,44,,,3855,-2331.125
2,67700,BERRIES,3852,17,3851,54,,,3859,17,3860,54,,,3855.5,-2535.875
2,67800,BERRIES,3852,16,3851,50,,,3859,16,3860,50,,,3855.5,-2497.5
2,67900,BERRIES,3852,20,3851,54,,,3858,20,3859,54,,,3855,-2379.375
2,68000,BERRIES,3853,13,3852,41,,,3856,5,3860,13,3861,41,3854.5,-2950.5
2,68100,BERRIES,3852,11,3851,41,,,3859,11,3860,41,,,3855.5,-2682.625
2,68200,BERRIES,3853,10,3852,40,,,3859,10,3860,40,,,3856,-2775.375
2,68300,BERRIES,3853,16,3852,42,,,3859,16,3860,42,,,3856,-2758.5
2,68400,BERRIES,3853,20,3852,51,,,3860,20,3861,51,,,3856.5,-2875.75
2,68500,BERRIES,3853,15,3852,49,,,3860,15,3861,49,,,3856.5,-2893.125
2,68600,BERRIES,3853,11,3852,53,,,3860,11,3861,53,,,3856.5,-2956.75
2,68700,BERRIES,3853,10,3852,51,,,3859,10,3860,51,,,3856,-2820.75
2,68800,BERRIES,3853,19,3852,40,,,3860,59,,,,,3856.5,-2827.25
2,68900,BERRIES,3853,13,3852,58,,,3859,13,3860,58,,,3856,-2752.25
2,69000,BERRIES,3853,17,3852,41,,,3859,17,3860,41,,,3856,-2782.75
2,69100,BERRIES,3855,7,3852,13,3851,44,3859,13,3860,44,,,3857,-2457.75
2,69200,BERRIES,3852,14,3851,58,,,3858,14,3859,58,,,3855,-2326.625
2,69300,BERRIES,3852,17,3851,53,,,3854,15,3858,17,3859,53,3853,-2295.875
2,69400,BERRIES,3851,20,3850,60,,,3858,20,3859,60,,,3854.5,-2135.625
2,69500,BERRIES,3851,20,3850,59,,,3858,20,3859,59,,,3854.5,-2184.25
2,69600,BERRIES,3851,20,3850,42,,,3858,20,3859,42,,,3854.5,-2208.75
2,69700,BERRIES,3852,14,3851,57,,,3858,14,3859,57,,,3855,-2341.125
2,69800,BERRIES,3851,11,3850,51,,,3858,11,3859,51,,,3854.5,-2011.5
2,69900,BERRIES,3851,11,3850,40,,,3858,11,3859,40,,,3854.5,-2260.625
2,70000,BERRIES,3851,17,3850,55,,,3858,17,3859,55,,,3854.5,-2063.125
2,70100,BERRIES,3852,17,3851,52,,,3859,17,3860,52,,,3855.5,-2409.75
2,70200,BERRIES,3855,7,3852,16,3851,56,3859,72,,,,,3857,-2400.25
2,70300,BERRIES,3852,15,3851,41,,,3859,15,3860,41,,,3855.5,-2651.5
2,70400,BERRIES,3852,14,3851,52,,,3859,66,,,,,3855.5,-2397.5
2,70500,BERRIES,3852,17,3851,54,,,3859,17,3860,54,,,3855.5,-2543.125
2,70600,BERRIES,3852,20,3851,41,,,3859,20,3860,41,,,3855.5,-2582.25
2,70700,BERRIES,3852,16,3851,50,,,3859,16,3860,50,,,3855.5,-2449.875
2,70800,BERRIES,3851,13,3850,40,,,3858,13,3859,40,,,3854.5,-2115
2,70900,BERRIES,3851,15,3850,45,,,3858,15,3859,45,,,3854.5,-2096.625
2,71000,BERRIES,3851,19,3850,47,,,3858,19,3859,47,,,3854.5,-2192.625
2,71100,BERRIES,3852,18,3851,42,,,3859,18,3860,42,,,3855.5,-2649.125
2,71200,BERRIES,3852,14,3851,52,,,3858,14,3859,52,,,3855,-2346.75
2,71300,BERRIES,3851,18,3850,49,,,3858,18,3859,49,,,3854.5,-2178.75
2,71400,BERRIES,3852,18,3851,54,,,3859,18,3860,54,,,3855.5,-2460.875
2,71500,BERRIES,3852,18,3851,51,,,3859,18,3860,51,,,3855.5,-2569.625
2,71600,BERRIES,3852,18,3851,43,,,3859,18,3860,43,,,3855.5,-2519.125
2,71700,BERRIES,3852,11,3851,52,,,3859,11,3860,52,,,3855.5,-2532.5
2,71800,BERRIES,3852,20,3851,56,,,3859,20,3860,56,,,3855.5,-2425.25
2,71900,BERRIES,3851,73,,,,,3858,15,3859,58,,,3854.5,-2274.5
2,72000,BERRIES,3851,73,,,,,3858,16,3859,57,,,3854.5,-2274.625
2,72100,BERRIES,3851,18,3850,44,,,3858,18,3859,44,,,3854.5,-1978.625
2,72200,BERRIES,3850,14,3849,57,,,3857,14,3858,57,,,3853.5,-1789.875
2,72300,BERRIES,3850,18,3849,48,,,3857,18,3858,48,,,3853.5,-1813.625
2,72400,BERRIES,3850,17,3849,51,,,3857,17,3858,51,,,3853.5,-1597.75
2,72500,BERRIES,3850,20,3849,48,,,3857,20,3858,48,,,3853.5,-1760.875
2,72600,BERRIES,3851,16,3850,47,,,3853,4,3857,16,3858,47,3852,-1878.25
2,72700,BERRIES,3850,13,3849,43,,,3857,13,3858,43,,,3853.5,-1694.875
2,72800,BERRIES,3850,12,3849,55,,,3857,12,3858,55,,,3853.5,-1653.5
2,72900,BERRIES,3850,20,3849,49,,,3856,20,3857,49,,,3853,-1439.25
2,73000,BERRIES,3851,16,3850,56,,,3858,72,,,,,3854.5,-1949.5
2,73100,BERRIES,3850,19,3849,56,,,3857,19,3858,56,,,3853.5,-1812
2,73200,BERRIES,3850,20,3849,44,,,3857,20,3858,44,,,3853.5,-1674.125
2,73300,BERRIES,3850,11,3849,45,,,3857,11,3858,45,,,3853.5,-1520.75
2,73400,BERRIES,3850,20,3849,48,,,3856,20,3857,48,,,3853,-1428.25
2,73500,BERRIES,3850,11,3849,42,,,3856,11,3857,42,,,3853,-1517.875
2,73600,BERRIES,3850,15,3849,53,,,3857,15,3858,53,,,3853.5,-1553.75
2,73700,BERRIES,3850,73,,,,,3857,17,3858,56,,,3853.5,-1867.75
2,73800,BERRIES,3851,20,3850,49,,,3858,20,3859,49,,,3854.5,-2261.125
2,73900,BERRIES,3852,20,3851,54,,,3859,20,3860,54,,,3855.5,-2528.25
2,74000,BERRIES,3852,14,3851,56,,,3859,14,3860,56,,,3855.5,-2606.875
2,74100,BERRIES,3852,17,3851,45,,,3859,17,3860,45,,,3855.5,-2703.5
2,74200,BERRIES,3852,18,3851,50,,,3859,68,,,,,3855.5,-2449.375
2,74300,BERRIES,3855,5,3851,19,3850,45,3858,19,3859,45,,,3856.5,-2323.25
2,74400,BERRIES,3851,19,3850,43,,,3858,19,3859,43,,,3854.5,-2256.875
2,74500,BERRIES,3852,15,3851,50,,,3858,15,3859,50,,,3855,-2410.375
2,74600,BERRIES,3851,13,3850,55,,,3858,13,3859,55,,,3854.5,-2235.875
2,74700,BERRIES,3852,14,3851,58,,,3859,14,3860,58,,,3855.5,-2623.875
2,74800,BERRIES,3852,11,3851,43,,,3859,11,3860,43,,,3855.5,-2538.75
2,74900,BERRIES,3852,16,3851,60,,,3859,16,3860,60,,,3855.5,-2622.125
2,75000,BERRIES,3853,17,3852,41,,,3860,17,3861,41,,,3856.5,-3199.875
2,75100,BERRIES,3854,11,3853,48,,,3860,11,3861,48,,,3857,-3304.75
2,75200,BERRIES,3854,14,3853,58,,,3861,14,3862,58,,,3857.5,-3388.25
2,75300,BERRIES,3854,17,3853,52,,,3861,17,3862,52,,,3857.5,-3510.25
2,75400,BERRIES,3854,19,3853,44,,,3861,19,3862,44,,,3857.5,-3547.875
2,75500,BERRIES,3855,17,3854,54,,,3861,17,3862,54,,,3858,-3779.25
2,75600,BERRIES,3855,20,3854,50,,,3862,20,3863,50,,,3858.5,-3987.625
2,75700,BERRIES,3856,12,3855,45,,,3862,12,3863,45,,,3859,-4198.75
2,75800,BERRIES,3856,16,3855,42,,,3862,16,3863,42,,,3859,-4237.375
2,75900,BERRIES,3856,18,3855,42,,,3863,18,3864,42,,,3859.5,-4415.5
2,76000,BERRIES,3856,16,3855,48,,,3863,16,3864,48,,,3859.5,-4487.625
2,76100,BERRIES,3856,12,3855,40,,,3862,12,3863,40,,,3859,-4181.375
2,76200,BERRIES,3855,14,3854,42,,,3861,14,3862,42,,,3858,-3766.25
2,76300,BERRIES,3855,10,3854,59,,,3862,10,3863,59,,,3858.5,-3866.25
2,76400,BERRIES,3855,13,3854,50,,,3862,13,3863,50,,,3858.5,-4118.125
2,76500,BERRIES,3856,17,3855,49,,,3862,17,3863,49,,,3859,-4204.625
2,76600,BERRIES,3856,14,3855,51,,,3863,14,3864,51,,,3859.5,-4540.875
2,76700,BERRIES,3859,2,3856,16,3855,60,3863,16,3864,60,,,3861,-4429.375
2,76800,BERRIES,3857,13,3856,59,,,3863,13,3864,59,,,3860,-4659.625
2,76900,BERRIES,3857,12,3856,50,,,3863,12,3864,50,,,3860,-4644.375
2,77000,BERRIES,3857,12,3856,58,,,3864,12,3865,58,,,3860.5,-4751.75
2,77100,BERRIES,3856,10,3855,41,,,3863,10,3864,41,,,3859.5,-4480.375
2,77200,BERRIES,3856,16,3855,52,,,3863,16,3864,52,,,3859.5,-4310.125
2,77300,BERRIES,3856,19,3855,51,,,3863,19,3864,51,,,3859.5,-4322.625
2,77400,BERRIES,3857,19,3856,59,,,3864,19,3865,59,,,3860.5,-4817.125
2,77500,BERRIES,3858,18,3857,41,,,3864,18,3865,41,,,3861,-5132.875
2,77600,BERRIES,3857,20,3856,49,,,3864,20,3865,49,,,3860.5,-4979.25
2,77700,BERRIES,3858,10,3857,49,,,3864,10,3865,49,,,3861,-5111.5
2,77800,BERRIES,3858,14,3857,56,,,3865,14,3866,56,,,3861.5,-5353.75
2,77900,BERRIES,3858,12,3857,42,,,3865,12,3866,42,,,3861.5,-5491.25
2,78000,BERRIES,3859,20,3858,44,,,3866,20,3867,44,,,3862.5,-5707.25
2,78100,BERRIES,3862,16,3859,10,3858,56,3865,10,3866,56,,,3863.5,-5642
2,78200,BERRIES,3860,12,3859,49,,,3866,12,3867,49,,,3863,-6054.625
2,78300,BERRIES,3860,19,3859,52,,,3867,19,3868,52,,,3863.5,-6425.625
2,78400,BERRIES,3860,15,3859,50,,,3867,15,3868,50,,,3863.5,-6402.25
2,78500,BERRIES,3860,76,,,,,3867,20,3868,56,,,3863.5,-6566.5
2,78600,BERRIES,3860,11,3859,44,,,3866,11,3867,44,,,3863,-6119
2,78700,BERRIES,3859,15,3858,50,,,3865,15,3866,50,,,3862,-5586.5
2,78800,BERRIES,3859,20,3858,44,,,3866,20,3867,44,,,3862.5,-5782.125
2,78900,BERRIES,3859,20,3858,52,,,3866,20,3867,52,,,3862.5,-5707.875
2,79000,BERRIES,3859,15,3858,51,,,3866,15,3867,51,,,3862.5,-5780.5
2,79100,BERRIES,3859,20,3858,59,,,3866,20,3867,59,,,3862.5,-5892.75
2,79200,BERRIES,3859,18,3858,48,,,3865,18,3866,48,,,3862,-5627.375
2,79300,BERRIES,3858,16,3857,55,,,3865,16,3866,55,,,3861.5,-5481.375
2,79400,BERRIES,3858,62,,,,,3865,15,3866,47,,,3861.5,-5571.75
2,79500,BERRIES,3858,13,3857,56,,,3865,13,3866,56,,,3861.5,-5375.375
2,79600,BERRIES,3857,16,3856,52,,,3864,16,3865,52,,,3860.5,-5065.625
2,79700,BERRIES,3857,71,,,,,3864,16,3865,55,,,3860.5,-5083.75
2,79800,BERRIES,3857,15,3856,42,,,3859,1,3863,15,3864,42,3858,-4669.625
2,79900,BERRIES,3857,16,3856,42,,,3864,16,3865,42,,,3860.5,-4921.5
2,80000,BERRIES,3858,18,3857,59,,,3860,15,3865,18,3866,59,3859,-5288
2,80100,BERRIES,3858,16,3857,59,,,3865,16,3866,59,,,3861.5,-5555.5
2,80200,BERRIES,3858,12,3857,40,,,3865,12,3866,40,,,3861.5,-5409.875
2,80300,BERRIES,3858,14,3857,51,,,3865,14,3866,51,,,3861.5,-5397.125
2,80400,BERRIES,3859,18,3858,53,,,3866,18,3867,53,,,3862.5,-5769.125
2,80500,BERRIES,3859,11,3858,59,,,3865,11,3866,59,,,3862,-5641.875
2,80600,BERRIES,3858,10,3857,48,,,3865,10,3866,48,,,3861.5,-5386.125
2,80700,BERRIES,3858,20,3857,46,,,3865,66,,,,,3861.5,-5207.375
2,80800,BERRIES,3858,14,3857,53,,,3865,14,3866,53,,,3861.5,-5413.75
2,80900,BERRIES,3858,19,3857,54,,,3865,19,3866,54,,,3861.5,-5302.625
2,81000,BERRIES,3858,17,3857,55,,,3865,17,3866,55,,,3861.5,-5465.75
2,81100,BERRIES,3859,19,3858,60,,,3865,19,3866,60,,,3862,-5593.625
2,81200,BERRIES,3859,19,3858,52,,,3865,19,3866,52,,,3862,-5645.125
2,81300,BERRIES,3858,17,3857,50,,,3865,17,3866,50,,,3861.5,-5451.5
2,81400,BERRIES,3858,13,3857,59,,,3865,13,3866,59,,,3861.5,-5518.75
2,81500,BERRIES,3858,14,3857,41,,,3865,14,3866,41,,,3861.5,-5358.125
2,81600,BERRIES,3858,17,3857,47,,,3865,17,3866,47,,,3861.5,-5470.875
2,81700,BERRIES,3858,51,,,,,3865,11,3866,40,,,3861.5,-5568.75
2,81800,BERRIES,3858,13,3857,43,,,3865,13,3866,43,,,3861.5,-5548.5
2,81900,BERRIES,3858,11,3857,54,,,3865,11,3866,54,,,3861.5,-5468.125
2,82000,BERRIES,3859,15,3858,48,,,3866,15,3867,48,,,3862.5,-5737.875
2,82100,BERRIES,3860,15,3859,57,,,3866,15,3867,57,,,3863,-6101.125
2,82200,BERRIES,3863,3,3859,12,3858,56,3866,12,3867,56,,,3864.5,-5987.25
2,82300,BERRIES,3859,10,3858,51,,,3866,10,3867,51,,,3862.5,-5910.875
2,82400,BERRIES,3859,12,3858,42,,,3866,12,3867,42,,,3862.5,-6014.5
2,82500,BERRIES,3859,19,3858,40,,,3866,19,3867,40,,,3862.5,-5994.625
2,82600,BERRIES,3860,15,3859,47,,,3866,15,3867,47,,,3863,-6129.875
2,82700,BERRIES,3860,17,3859,49,,,3867,17,3868,49,,,3863.5,-6294.625
2,82800,BERRIES,3860,12,3859,57,,,3867,12,3868,57,,,3863.5,-6304.75
2,82900,BERRIES,3860,10,3859,41,,,3867,10,3868,41,,,3863.5,-6218.125
2,83000,BERRIES,3859,14,3858,48,,,3866,14,3867,48,,,3862.5,-5832
2,83100,BERRIES,3859,14,3858,59,,,3865,14,3866,59,,,3862,-5629
2,83200,BERRIES,3858,14,3857,59,,,3865,14,3866,59,,,3861.5,-5349.75
2,83300,BERRIES,3858,14,3857,55,,,3865,14,3866,55,,,3861.5,-5327.125
2,83400,BERRIES,3857,18,3856,45,,,3864,18,3865,45,,,3860.5,-4913.75
2,83500,BERRIES,3857,11,3856,51,,,3864,11,3865,51,,,3860.5,-4829
2,83600,BERRIES,3858,12,3857,44,,,3864,12,3865,44,,,3861,-5122.75
2,83700,BERRIES,3858,20,3857,46,,,3865,20,3866,46,,,3861.5,-5391.375
2,83800,BERRIES,3858,18,3857,59,,,3865,18,3866,59,,,3861.5,-5207.625
2,83900,BERRIES,3858,13,3857,60,,,3864,13,3865,60,,,3861,-5075.75
2,84000,BERRIES,3857,14,3856,57,,,3864,14,3865,57,,,3860.5,-4938.875
2,84100,BERRIES,3858,18,3857,45,,,3864,18,3865,45,,,3861,-5115
2,84200,BERRIES,3858,14,3857,56,,,3865,14,3866,56,,,3861.5,-5416.75
2,84300,BERRIES,3858,17,3857,60,,,3865,17,3866,60,,,3861.5,-5147.375
2,84400,BERRIES,3857,10,3856,55,,,3864,10,3865,55,,,3860.5,-4885.75
2,84500,BERRIES,3857,15,3856,55,,,3863,15,3864,55,,,3860,-4582.75
2,84600,BERRIES,3857,20,3856,44,,,3864,20,3865,44,,,3860.5,-4766.625
2,84700,BERRIES,3856,11,3855,49,,,3863,11,3864,49,,,3859.5,-4233.125
2,84800,BERRIES,3855,13,3854,56,,,3862,13,3863,56,,,3858.5,-3711.5
2,84900,BERRIES,3855,14,3854,48,,,3862,14,3863,48,,,3858.5,-3628.75
2,85000,BERRIES,3855,14,3854,56,,,3862,14,3863,56,,,3858.5,-3817
2,85100,BERRIES,3855,12,3854,51,,,3858,5,3862,12,3863,51,3856.5,-3841.75
2,85200,BERRIES,3859,27,3856,12,3855,45,3863,12,3864,45,,,3861,-4077.25
2,85300,BERRIES,3855,12,3854,54,,,3862,12,3863,54,,,3858.5,-3530.625
2,85400,BERRIES,3855,10,3854,42,,,3858,9,3862,10,3863,42,3856.5,-3646.625
2,85500,BERRIES,3855,16,3854,57,,,3862,16,3863,57,,,3858.5,-3858.875
2,85600,BERRIES,3855,14,3854,43,,,3862,14,3863,43,,,3858.5,-3729.75
2,85700,BERRIES,3855,17,3854,52,,,3862,17,3863,52,,,3858.5,-3714
2,85800,BERRIES,3855,10,3854,57,,,3861,10,3862,57,,,3858,-3393.375
2,85900,BERRIES,3854,20,3853,41,,,3861,20,3862,41,,,3857.5,-3096.375
2,86000,BERRIES,3854,10,3853,49,,,3861,10,3862,49,,,3857.5,-3257.75
2,86100,BERRIES,3855,17,3854,54,,,3862,17,3863,54,,,3858.5,-3508.375
2,86200,BERRIES,3855,13,3854,48,,,3862,13,3863,48,,,3858.5,-3649.25
2,86300,BERRIES,3855,11,3854,43,,,3858,2,3862,11,3863,43,3856.5,-3879
2,86400,BERRIES,3859,15,3856,11,3855,54,3863,11,3864,54,,,3861,-4161.75
2,86500,BERRIES,3856,11,3855,43,,,3863,11,3864,43,,,3859.5,-4318.625
2,86600,BERRIES,3856,17,3855,51,,,3862,17,3863,51,,,3859,-4017.25
2,86700,BERRIES,3856,13,3855,49,,,3863,13,3864,49,,,3859.5,-4222.375
2,86800,BERRIES,3857,20,3856,40,,,3863,20,3864,40,,,3860,-4503.25
2,86900,BERRIES,3857,15,3856,40,,,3863,15,3864,40,,,3860,-4479.125
2,87000,BERRIES,3856,11,3855,50,,,3863,11,3864,50,,,3859.5,-4370
2,87100,BERRIES,3857,15,3856,57,,,3864,15,3865,57,,,3860.5,-4648
2,87200,BERRIES,3857,13,3856,49,,,3864,13,3865,49,,,3860.5,-4916
2,87300,BERRIES,3857,13,3856,42,,,3864,13,3865,42,,,3860.5,-4730.75
2,87400,BERRIES,3856,62,,,,,3859,2,3863,14,3864,48,3857.5,-4484.75
2,87500,BERRIES,3856,14,3855,43,,,3863,14,3864,43,,,3859.5,-4412.25
2,87600,BERRIES,3857,19,3856,49,,,3863,19,3864,49,,,3860,-4511.5
2,87700,BERRIES,3857,11,3856,56,,,3864,11,3865,56,,,3860.5,-4852.25
2,87800,BERRIES,3858,19,3857,52,,,3865,19,3866,52,,,3861.5,-5325.25
2,87900,BERRIES,3857,15,3856,60,,,3864,15,3865,60,,,3860.5,-4658.5
2,88000,BERRIES,3856,18,3855,51,,,3862,18,3863,51,,,3859,-4004
2,88100,BERRIES,3859,1,3856,10,3855,51,3863,10,3864,51,,,3861,-4304.25
2,88200,BERRIES,3856,17,3855,58,,,3863,17,3864,58,,,3859.5,-4131.5
2,88300,BERRIES,3856,19,3855,53,,,3859,3,3863,19,3864,53,3857.5,-4249.25
2,88400,BERRIES,3856,12,3855,47,,,3863,12,3864,47,,,3859.5,-4249
2,88500,BERRIES,3855,12,3854,53,,,3862,12,3863,53,,,3858.5,-3598
2,88600,BERRIES,3854,13,3853,55,,,3861,13,3862,55,,,3857.5,-3329.25
2,88700,BERRIES,3854,17,3853,41,,,3861,17,3862,41,,,3857.5,-3181.5
2,88800,BERRIES,3854,10,3853,47,,,3861,10,3862,47,,,3857.5,-3083.75
2,88900,BERRIES,3854,13,3853,43,,,3861,13,3862,43,,,3857.5,-3163.75
2,89000,BERRIES,3854,15,3853,59,,,3861,15,3862,59,,,3857.5,-3288.25
2,89100,BERRIES,3855,15,3854,45,,,3861,15,3862,45,,,3858,-3432.75
2,89200,BERRIES,3854,17,3853,44,,,3861,17,3862,44,,,3857.5,-3282.75
2,89300,BERRIES,3855,15,3854,44,,,3861,15,3862,44,,,3858,-3477.25
2,89400,BERRIES,3855,11,3854,50,,,3861,11,3862,50,,,3858,-3484.5
2,89500,BERRIES,3855,15,3854,51,,,3861,15,3862,51,,,3858,-3465
2,89600,BERRIES,3858,4,3855,11,3854,44,3862,11,3863,44,,,3860,-3654.75
2,89700,BERRIES,3855,15,3854,47,,,3862,15,3863,47,,,3858.5,-3557.5
2,89800,BERRIES,3855,16,3854,57,,,3862,16,3863,57,,,3858.5,-3619.25
2,89900,BERRIES,3858,3,3855,14,3854,44,3862,14,3863,44,,,3860,-3670.25
2,90000,BERRIES,3855,16,3854,54,,,3862,16,3863,54,,,3858.5,-3532.75
2,90100,BERRIES,3854,10,3853,40,,,3861,10,3862,40,,,3857.5,-3319.25
2,90200,BERRIES,3854,13,3853,53,,,3861,13,3862,53,,,3857.5,-3256
2,90300,BERRIES,3855,11,3854,45,,,3862,11,3863,45,,,3858.5,-3731.5
2,90400,BERRIES,3855,10,3854,42,,,3858,10,3862,10,3863,42,3856.5,-3792
2,90500,BERRIES,3856,17,3855,44,,,3862,17,3863,44,,,3859,-3963.75
2,90600,BERRIES,3856,14,3855,51,,,3863,14,3864,51,,,3859.5,-4147.5
2,90700,BERRIES,3856,12,3855,43,,,3863,12,3864,43,,,3859.5,-4176.75
2,90800,BERRIES,3857,11,3856,51,,,3864,62,,,,,3860.5,-4620
2,90900,BERRIES,3856,11,3855,41,,,3863,11,3864,41,,,3859.5,-4271.75
2,91000,BERRIES,3856,15,3855,45,,,3859,1,3863,15,3864,45,3857.5,-4393.5
2,91100,BERRIES,3860,14,3857,11,3856,54,3864,11,3865,54,,,3862,-4786.25
2,91200,BERRIES,3857,12,3856,47,,,3864,12,3865,47,,,3860.5,-4881.5
2,91300,BERRIES,3857,15,3856,44,,,3864,15,3865,44,,,3860.5,-4943.75
2,91400,BERRIES,3858,14,3857,40,,,3865,14,3866,40,,,3861.5,-5376.75
2,91500,BERRIES,3858,19,3857,51,,,3865,19,3866,51,,,3861.5,-5596
2,91600,BERRIES,3858,19,3857,53,,,3864,19,3865,53,,,3861,-5172.5
2,91700,BERRIES,3857,14,3856,58,,,3864,14,3865,58,,,3860.5,-4936.25
2,91800,BERRIES,3856,10,3855,40,,,3863,10,3864,40,,,3859.5,-4353.25
2,91900,BERRIES,3856,15,3855,46,,,3863,15,3864,46,,,3859.5,-4238.5
2,92000,BERRIES,3856,19,3855,47,,,3858,1,3862,19,3863,47,3857,-3998.75
2,92100,BERRIES,3855,10,3854,57,,,3862,10,3863,57,,,3858.5,-3686.75
2,92200,BERRIES,3855,18,3854,46,,,3862,18,3863,46,,,3858.5,-3685
2,92300,BERRIES,3856,20,3855,50,,,3862,20,3863,50,,,3859,-3952.75
2,92400,BERRIES,3856,12,3855,51,,,3863,12,3864,51,,,3859.5,-4179.25
2,92500,BERRIES,3856,17,3855,40,,,3862,17,3863,40,,,3859,-4043.75
2,92600,BERRIES,3856,11,3855,52,,,3863,11,3864,52,,,3859.5,-4210.75
2,92700,BERRIES,3856,17,3855,51,,,3863,17,3864,51,,,3859.5,-4192.25
2,92800,BERRIES,3856,15,3855,40,,,3863,55,,,,,3859.5,-4070
2,92900,BERRIES,3855,20,3854,44,,,3862,20,3863,44,,,3858.5,-3913.5
2,93000,BERRIES,3855,11,3854,57,,,3862,11,3863,57,,,3858.5,-3801.75
2,93100,BERRIES,3855,20,3854,46,,,3857,1,3862,20,3863,46,3856,-3700
2,93200,BERRIES,3855,17,3854,56,,,3862,17,3863,56,,,3858.5,-3696
2,93300,BERRIES,3855,20,3854,55,,,3862,20,3863,55,,,3858.5,-3750.75
2,93400,BERRIES,3859,20,3856,20,3855,60,3862,20,3863,60,,,3860.5,-4073.25
2,93500,BERRIES,3856,68,,,,,3863,11,3864,57,,,3859.5,-4560.5
2,93600,BERRIES,3856,11,3855,42,,,3863,11,3864,42,,,3859.5,-4287.5
2,93700,BERRIES,3856,12,3855,48,,,3862,12,3863,48,,,3859,-4084
2,93800,BERRIES,3856,12,3855,55,,,3863,12,3864,55,,,3859.5,-4171.75
2,93900,BERRIES,3856,12,3855,49,,,3863,12,3864,49,,,3859.5,-4386
2,94000,BERRIES,3857,15,3856,52,,,3863,15,3864,52,,,3860,-4678.5
2,94100,BERRIES,3857,14,3856,40,,,3864,54,,,,,3860.5,-4699.75
2,94200,BERRIES,3857,12,3856,57,,,3859,15,3863,12,3864,57,3858,-4635.5
2,94300,BERRIES,3856,20,3855,45,,,3863,20,3864,45,,,3859.5,-4486.75
2,94400,BERRIES,3856,15,3855,41,,,3863,15,3864,41,,,3859.5,-4403.25
2,94500,BERRIES,3856,19,3855,42,,,3863,19,3864,42,,,3859.5,-4138.5
2,94600,BERRIES,3856,16,3855,56,,,3863,16,3864,56,,,3859.5,-4222
2,94700,BERRIES,3856,15,3855,41,,,3862,15,3863,41,,,3859,-4112
2,94800,BERRIES,3856,14,3855,55,,,3863,14,3864,55,,,3859.5,-4180.5
2,94900,BERRIES,3855,13,3854,51,,,3862,13,3863,51,,,3858.5,-3784.5
2,95000,BERRIES,3856,13,3855,58,,,3862,13,3863,58,,,3859,-4097.25
2,95100,BERRIES,3856,12,3855,46,,,3863,12,3864,46,,,3859.5,-4148
2,95200,BERRIES,3855,20,3854,49,,,3862,20,3863,49,,,3858.5,-3955.25
2,95300,BERRIES,3856,13,3855,49,,,3862,13,3863,49,,,3859,-4001.75
2,95400,BERRIES,3856,13,3855,60,,,3863,13,3864,60,,,3859.5,-4172.75
2,95500,BERRIES,3856,16,3855,49,,,3863,16,3864,49,,,3859.5,-4224.75
2,95600,BERRIES,3856,14,3855,59,,,3863,14,3864,59,,,3859.5,-4287.5
2,95700,BERRIES,3860,4,3856,15,3855,55,3863,15,3864,55,,,3861.5,-4488.75
2,95800,BERRIES,3856,10,3855,56,,,3863,10,3864,56,,,3859.5,-4316
2,95900,BERRIES,3857,16,3856,48,,,3863,16,3864,48,,,3860,-4599.75
2,96000,BERRIES,3856,20,3855,58,,,3863,20,3864,58,,,3859.5,-4307
2,96100,BERRIES,3856,19,3855,55,,,3863,19,3864,55,,,3859.5,-4187.5
2,96200,BERRIES,3856,73,,,,,3863,14,3864,59,,,3859.5,-4539
2,96300,BERRIES,3857,17,3856,58,,,3863,17,3864,58,,,3860,-4625.5
2,96400,BERRIES,3860,15,3857,18,3856,44,3863,18,3864,44,,,3861.5,-4549
2,96500,BERRIES,3856,17,3855,51,,,3863,17,3864,51,,,3859.5,-4203
2,96600,BERRIES,3856,13,3855,46,,,3863,13,3864,46,,,3859.5,-4251
2,96700,BERRIES,3856,11,3855,44,,,3863,11,3864,44,,,3859.5,-4362
2,96800,BERRIES,3857,10,3856,41,,,3863,10,3864,41,,,3860,-4665.25
2,96900,BERRIES,3857,18,3856,48,,,3864,18,3865,48,,,3860.5,-4966.25
2,97000,BERRIES,3857,13,3856,52,,,3864,13,3865,52,,,3860.5,-5095
2,97100,BERRIES,3857,20,3856,42,,,3864,20,3865,42,,,3860.5,-4986.25
2,97200,BERRIES,3861,5,3858,13,3857,42,3864,13,3865,42,,,3862.5,-5246.5
2,97300,BERRIES,3861,3,3858,17,3857,48,3865,17,3866,48,,,3863,-5431.5
2,97400,BERRIES,3857,71,,,,,3864,20,3865,51,,,3860.5,-5119.25
2,97500,BERRIES,3858,17,3857,40,,,3865,57,,,,,3861.5,-5205.75
2,97600,BERRIES,3857,12,3856,58,,,3864,12,3865,58,,,3860.5,-4899
2,97700,BERRIES,3856,12,3855,53,,,3863,12,3864,53,,,3859.5,-4192.5
2,97800,BERRIES,3855,74,,,,,3862,19,3863,55,,,3858.5,-3849.25
2,97900,BERRIES,3858,4,3855,14,3854,55,3862,14,3863,55,,,3860,-3428.25
2,98000,BERRIES,3855,14,3854,60,,,3861,14,3862,60,,,3858,-3381.5
2,98100,BERRIES,3855,11,3854,55,,,3861,11,3862,55,,,3858,-3284
2,98200,BERRIES,3855,19,3854,53,,,3861,19,3862,53,,,3858,-3379.75
2,98300,BERRIES,3857,2,3854,20,3853,56,3861,20,3862,56,,,3859,-3066
2,98400,BERRIES,3854,16,3853,50,,,3860,16,3861,50,,,3857,-2784
2,98500,BERRIES,3854,14,3853,50,,,3860,14,3861,50,,,3857,-2756.75
2,98600,BERRIES,3852,77,,,,,3855,2,3859,17,3860,60,3853.5,-2053.75
2,98700,BERRIES,3853,20,3852,53,,,3860,73,,,,,3856.5,-2202.75
2,98800,BERRIES,3853,19,3852,51,,,3859,19,3860,51,,,3856,-2151
2,98900,BERRIES,3853,13,3852,60,,,3860,13,3861,60,,,3856.5,-2261
2,99000,BERRIES,3853,18,3852,57,,,3860,18,3861,57,,,3856.5,-2331.5
2,99100,BERRIES,3853,19,3852,58,,,3860,19,3861,58,,,3856.5,-2480.75
2,99200,BERRIES,3854,10,3853,53,,,3861,10,3862,53,,,3857.5,-3097.25
2,99300,BERRIES,3854,18,3853,52,,,3861,18,3862,52,,,3857.5,-2918.25
2,99400,BERRIES,3854,18,3853,58,,,3861,18,3862,58,,,3857.5,-3162.25
2,99500,BERRIES,3854,10,3853,60,,,3861,10,3862,60,,,3857.5,-3016.25
2,99600,BERRIES,3853,12,3852,56,,,3860,12,3861,56,,,3856.5,-2656.5
2,99700,BERRIES,3857,3,3854,20,3853,52,3860,20,3861,52,,,3858.5,-2723
2,99800,BERRIES,3854,16,3853,60,,,3860,16,3861,60,,,3857,-2761.25
2,99900,BERRIES,3854,14,3853,60,,,3861,14,3862,60,,,3857.5,-3116.25
2,100000,BERRIES,3855,11,3854,41,,,3861,11,3862,41,,,3858,-3318.5
2,100100,BERRIES,3854,56,,,,,3861,14,3862,42,,,3857.5,-3284
2,100200,BERRIES,3854,17,3853,54,,,3861,17,3862,54,,,3857.5,-3090
2,100300,BERRIES,3853,16,3852,45,,,3860,16,3861,45,,,3856.5,-2667.5
2,100400,BERRIES,3853,12,3852,60,,,3860,12,3861,60,,,3856.5,-2676.75
2,100500,BERRIES,3853,10,3852,58,,,3860,10,3861,58,,,3856.5,-2539.5
2,100600,BERRIES,3853,14,3852,41,,,3860,14,3861,41,,,3856.5,-2421.75
2,100700,BERRIES,3853,13,3852,51,,,3860,13,3861,51,,,3856.5,-2468.25
2,100800,BERRIES,3854,11,3853,42,,,3860,11,3861,42,,,3857,-2840.5
2,100900,BERRIES,3853,17,3852,45,,,3860,17,3861,45,,,3856.5,-2425.75
2,101000,BERRIES,3853,11,3852,54,,,3860,11,3861,54,,,3856.5,-2336.25
2,101100,BERRIES,3852,13,3851,45,,,3859,13,3860,45,,,3855.5,-2058.5
2,101200,BERRIES,3852,20,3851,51,,,3859,20,3860,51,,,3855.5,-1710.75
2,101300,BERRIES,3852,17,3851,42,,,3859,17,3860,42,,,3855.5,-1781.75
2,101400,BERRIES,3852,10,3851,42,,,3858,10,3859,42,,,3855,-1584.75
2,101500,BERRIES,3852,13,3851,54,,,3859,13,3860,54,,,3855.5,-1709
2,101600,BERRIES,3852,17,3851,46,,,3858,17,3859,46,,,3855,-1610.75
2,101700,BERRIES,3852,10,3851,55,,,3859,10,3860,55,,,3855.5,-1759.25
2,101800,BERRIES,3852,14,3851,58,,,3859,14,3860,58,,,3855.5,-2063.5
2,101900,BERRIES,3851,11,3850,57,,,3858,11,3859,57,,,3854.5,-1415.5
2,102000,BERRIES,3852,17,3851,40,,,3859,17,3860,40,,,3855.5,-2029
2,102100,BERRIES,3853,12,3852,49,,,3856,5,3860,12,3861,49,3854.5,-2549
2,102200,BERRIES,3852,60,,,,,3859,18,3860,42,,,3855.5,-2102.75
2,102300,BERRIES,3856,3,3853,12,3852,45,3860,12,3861,45,,,3858,-2295
2,102400,BERRIES,3853,14,3852,43,,,3860,14,3861,43,,,3856.5,-2673
2,102500,BERRIES,3853,14,3852,57,,,3860,14,3861,57,,,3856.5,-2638
2,102600,BERRIES,3853,19,3852,44,,,3860,19,3861,44,,,3856.5,-2590.25
2,102700,BERRIES,3854,11,3853,59,,,3861,11,3862,59,,,3857.5,-3024.75
2,102800,BERRIES,3855,13,3854,49,,,3862,62,,,,,3858.5,-3520
2,102900,BERRIES,3854,10,3853,45,,,3861,10,3862,45,,,3857.5,-3124.5
2,103000,BERRIES,3854,20,3853,43,,,3861,20,3862,43,,,3857.5,-3104.25
2,103100,BERRIES,3854,19,3853,45,,,3861,19,3862,45,,,3857.5,-3090.5
2,103200,BERRIES,3854,19,3853,43,,,3861,19,3862,43,,,3857.5,-2969.75
2,103300,BERRIES,3858,4,3854,12,3853,57,3861,12,3862,57,,,3859.5,-3301.25
2,103400,BERRIES,3854,16,3853,52,,,3861,16,3862,52,,,3857.5,-3176.5
2,103500,BERRIES,3854,15,3853,59,,,3861,15,3862,59,,,3857.5,-3221.75
2,103600,BERRIES,3854,12,3853,60,,,3861,12,3862,60,,,3857.5,-3111.75
2,103700,BERRIES,3854,14,3853,50,,,3861,64,,,,,3857.5,-2883
2,103800,BERRIES,3853,18,3852,52,,,3860,18,3861,52,,,3856.5,-2466
2,103900,BERRIES,3854,19,3853,54,,,3860,19,3861,54,,,3857,-2795.75
2,104000,BERRIES,3854,20,3853,48,,,3856,5,3861,20,3862,48,3855,-2993.75
2,104100,BERRIES,3854,19,3853,40,,,3861,19,3862,40,,,3857.5,-3008.75
2,104200,BERRIES,3854,16,3853,40,,,3861,16,3862,40,,,3857.5,-3045.25
2,104300,BERRIES,3854,20,3853,42,,,3860,20,3861,42,,,3857,-2826.5
2,104400,BERRIES,3855,13,3854,41,,,3861,13,3862,41,,,3858,-3485.25
2,104500,BERRIES,3855,20,3854,54,,,3857,1,3862,20,3863,54,3856,-3675
2,104600,BERRIES,3856,12,3855,44,,,3863,12,3864,44,,,3859.5,-4228.75
2,104700,BERRIES,3856,17,3855,49,,,3863,17,3864,49,,,3859.5,-4606.25
2,104800,BERRIES,3856,20,3855,55,,,3863,20,3864,55,,,3859.5,-4508.75
2,104900,BERRIES,3856,14,3855,60,,,3862,14,3863,60,,,3859,-4021.75
2,105000,BERRIES,3856,13,3855,52,,,3862,13,3863,52,,,3859,-4087
2,105100,BERRIES,3859,15,3856,14,3855,55,3863,69,,,,,3861,-4158.75
2,105200,BERRIES,3855,18,3854,56,,,3862,18,3863,56,,,3858.5,-3935.25
2,105300,BERRIES,3856,12,3855,48,,,3862,12,3863,48,,,3859,-4127
2,105400,BERRIES,3855,67,,,,,3858,4,3862,15,3863,52,3856.5,-3989
2,105500,BERRIES,3855,16,3854,40,,,3862,16,3863,40,,,3858.5,-3827.25
2,105600,BERRIES,3855,19,3854,50,,,3862,19,3863,50,,,3858.5,-3745.75
2,105700,BERRIES,3855,19,3854,53,,,3862,19,3863,53,,,3858.5,-3802.5
2,105800,BERRIES,3855,18,3854,49,,,3862,18,3863,49,,,3858.5,-3530.5
2,105900,BERRIES,3855,17,3854,50,,,3862,17,3863,50,,,3858.5,-3550.75
2,106000,BERRIES,3856,10,3855,52,,,3858,2,3863,10,3864,52,3857,-4184.75
2,106100,BERRIES,3856,17,3855,54,,,3863,17,3864,54,,,3859.5,-4231
2,106200,BERRIES,3856,18,3855,43,,,3862,18,3863,43,,,3859,-4092.25
2,106300,BERRIES,3854,20,3853,41,,,3861,20,3862,41,,,3857.5,-3271.75
2,106400,BERRIES,3855,18,3854,59,,,3861,18,3862,59,,,3858,-3391
2,106500,BERRIES,3855,79,,,,,3862,19,3863,60,,,3858.5,-3998.5
2,106600,BERRIES,3855,13,3854,60,,,3861,13,3862,60,,,3858,-3382.5
2,106700,BERRIES,3855,14,3854,60,,,3861,14,3862,60,,,3858,-3421.5
2,106800,BERRIES,3856,12,3855,44,,,3863,12,3864,44,,,3859.5,-4170.25
2,106900,BERRIES,3856,11,3855,50,,,3863,11,3864,50,,,3859.5,-4502.75
2,107000,BERRIES,3857,10,3856,42,,,3864,10,3865,42,,,3860.5,-5108.25
2,107100,BERRIES,3857,11,3856,41,,,3864,11,3865,41,,,3860.5,-4892.25
2,107200,BERRIES,3857,18,3856,58,,,3864,18,3865,58,,,3860.5,-5040.25
2,107300,BERRIES,3856,65,,,,,3863,18,3864,47,,,3859.5,-4637.5
2,107400,BERRIES,3857,15,3856,59,,,3864,15,3865,59,,,3860.5,-4841.5
2,107500,BERRIES,3857,17,3856,48,,,3863,17,3864,48,,,3860,-4741
2,107600,BERRIES,3857,18,3856,50,,,3864,18,3865,50,,,3860.5,-5035.25
2,107700,BERRIES,3860,5,3857,16,3856,58,3864,16,3865,58,,,3862,-5023.5
2,107800,BERRIES,3856,13,3855,58,,,3863,13,3864,58,,,3859.5,-4609
2,107900,BERRIES,3856,16,3855,44,,,3863,16,3864,44,,,3859.5,-4611.25
2,108000,BERRIES,3861,11,3857,13,3856,44,3864,13,3865,44,,,3862.5,-5250
2,108100,BERRIES,3858,11,3857,41,,,3865,11,3866,41,,,3861.5,-5818.5
2,108200,BERRIES,3859,11,3858,57,,,3865,11,3866,57,,,3862,-6035
2,108300,BERRIES,3858,70,,,,,3865,10,3866,60,,,3861.5,-5898
2,108400,BERRIES,3863,25,3859,18,3858,41,3866,18,3867,41,,,3864.5,-6381
2,108500,BERRIES,3859,17,3858,57,,,3862,2,3866,17,3867,57,3860.5,-6512
2,108600,BERRIES,3859,15,3858,53,,,3866,15,3867,53,,,3862.5,-6472.75
2,108700,BERRIES,3859,18,3858,52,,,3866,18,3867,52,,,3862.5,-6506
2,108800,BERRIES,3859,16,3858,49,,,3866,16,3867,49,,,3862.5,-6492
2,108900,BERRIES,3859,11,3858,44,,,3866,11,3867,44,,,3862.5,-6225.75
2,109000,BERRIES,3859,15,3858,50,,,3866,15,3867,50,,,3862.5,-6231
2,109100,BERRIES,3859,12,3858,59,,,3866,12,3867,59,,,3862.5,-6455.25
2,109200,BERRIES,3859,12,3858,51,,,3866,12,3867,51,,,3862.5,-6244.75
2,109300,BERRIES,3859,17,3858,54,,,3866,17,3867,54,,,3862.5,-6178.25
2,109400,BERRIES,3859,11,3858,58,,,3866,11,3867,58,,,3862.5,-6155.25
2,109500,BERRIES,3859,20,3858,43,,,3865,20,3866,43,,,3862,-5944.25
2,109600,BERRIES,3858,14,3857,40,,,3865,14,3866,40,,,3861.5,-5467.75
2,109700,BERRIES,3857,20,3856,40,,,3864,20,3865,40,,,3860.5,-4932.75
2,109800,BERRIES,3857,12,3856,50,,,3864,12,3865,50,,,3860.5,-4912.75
2,109900,BERRIES,3858,15,3857,48,,,3864,15,3865,48,,,3861,-5311.5
2,110000,BERRIES,3857,70,,,,,3864,10,3865,60,,,3860.5,-5258.25
2,110100,BERRIES,3860,3,3856,17,3855,50,3863,17,3864,50,,,3861.5,-4555.75
2,110200,BERRIES,3856,19,3855,40,,,3859,27,3863,19,3864,40,3857.5,-4612.25
2,110300,BERRIES,3856,12,3855,50,,,3859,1,3863,12,3864,50,3857.5,-4341.75
2,110400,BERRIES,3856,10,3855,54,,,3862,10,3863,54,,,3859,-4097.5
2,110500,BERRIES,3856,16,3855,48,,,3863,16,3864,48,,,3859.5,-4272.75
2,110600,BERRIES,3856,14,3855,42,,,3863,14,3864,42,,,3859.5,-4489.25
2,110700,BERRIES,3857,10,3856,60,,,3864,10,3865,60,,,3860.5,-4806.5
2,110800,BERRIES,3857,14,3856,49,,,3863,14,3864,49,,,3860,-4719.25
2,110900,BERRIES,3856,17,3855,43,,,3863,17,3864,43,,,3859.5,-4517.25
2,111000,BERRIES,3855,64,,,,,3862,14,3863,50,,,3858.5,-3995.5
2,111100,BERRIES,3855,14,3854,56,,,3862,70,,,,,3858.5,-3505.25
2,111200,BERRIES,3856,11,3855,40,,,3863,11,3864,40,,,3859.5,-4210.5
2,111300,BERRIES,3855,15,3854,52,,,3862,15,3863,52,,,3858.5,-3678.5
2,111400,BERRIES,3856,16,3855,54,,,3863,16,3864,54,,,3859.5,-4296.75
2,111500,BERRIES,3856,16,3855,43,,,3863,16,3864,43,,,3859.5,-4539
2,111600,BERRIES,3856,74,,,,,3863,19,3864,55,,,3859.5,-4632.5
2,111700,BERRIES,3857,18,3856,54,,,3860,4,3864,18,3865,54,3858.5,-5244.25
2,111800,BERRIES,3857,10,3856,41,,,3864,10,3865,41,,,3860.5,-4993.25
2,111900,BERRIES,3858,15,3857,53,,,3865,68,,,,,3861.5,-5434.25
2,112000,BERRIES,3858,14,3857,54,,,3865,14,3866,54,,,3861.5,-5665
2,112100,BERRIES,3857,18,3856,47,,,3864,18,3865,47,,,3860.5,-4926.25
2,112200,BERRIES,3857,18,3856,45,,,3864,18,3865,45,,,3860.5,-5060.5
2,112300,BERRIES,3857,12,3856,40,,,3863,12,3864,40,,,3860,-4689
2,112400,BERRIES,3857,19,3856,54,,,3864,19,3865,54,,,3860.5,-4873.25
2,112500,BERRIES,3857,17,3856,45,,,3863,17,3864,45,,,3860,-4680.25
2,112600,BERRIES,3860,11,3857,15,3856,55,3863,15,3864,55,,,3861.5,-4737.5
2,112700,BERRIES,3857,11,3856,57,,,3864,11,3865,57,,,3860.5,-4837.5
2,112800,BERRIES,3856,14,3855,55,,,3863,14,3864,55,,,3859.5,-4377.75
2,112900,BERRIES,3856,11,3855,45,,,3863,11,3864,45,,,3859.5,-4472.5
2,113000,BERRIES,3856,12,3855,53,,,3863,12,3864,53,,,3859.5,-4307.25
2,113100,BERRIES,3856,17,3855,40,,,3863,17,3864,40,,,3859.5,-4535
2,113200,BERRIES,3857,18,3856,48,,,3864,18,3865,48,,,3860.5,-4950
2,113300,BERRIES,3858,18,3857,48,,,3865,18,3866,48,,,3861.5,-5735.5
2,113400,BERRIES,3858,16,3857,50,,,3865,16,3866,50,,,3861.5,-5836.25
2,113500,BERRIES,3859,20,3858,57,,,3866,20,3867,57,,,3862.5,-6284.25
2,113600,BERRIES,3859,12,3858,54,,,3866,12,3867,54,,,3862.5,-6237.75
2,113700,BERRIES,3858,54,,,,,3865,14,3866,40,,,3861.5,-5913.5
2,113800,BERRIES,3859,14,3858,49,,,3866,14,3867,49,,,3862.5,-6109.5
2,113900,BERRIES,3859,20,3858,43,,,3861,7,3865,20,3866,43,3860,-6042
2,114000,BERRIES,3859,14,3858,46,,,3865,14,3866,46,,,3862,-5969.25
2,114100,BERRIES,3859,14,3858,50,,,3866,14,3867,50,,,3862.5,-6158.75
2,114200,BERRIES,3859,19,3858,59,,,3865,19,3866,59,,,3862,-5928.25
2,114300,BERRIES,3858,14,3857,50,,,3865,14,3866,50,,,3861.5,-5799
2,114400,BERRIES,3858,16,3857,58,,,3865,16,3866,58,,,3861.5,-5506.75
2,114500,BERRIES,3861,1,3858,11,3857,57,3865,11,3866,57,,,3863,-5472
2,114600,BERRIES,3858,19,3857,52,,,3865,19,3866,52,,,3861.5,-5698.5
2,114700,BERRIES,3862,3,3858,16,3857,44,3865,16,3866,44,,,3863.5,-5830.25
2,114800,BERRIES,3861,5,3858,16,3857,41,3865,16,3866,41,,,3863,-5497.5
2,114900,BERRIES,3858,17,3857,48,,,3865,17,3866,48,,,3861.5,-5421.5
2,115000,BERRIES,3858,19,3857,47,,,3864,19,3865,47,,,3861,-5284
2,115100,BERRIES,3858,12,3857,40,,,3865,12,3866,40,,,3861.5,-5429.5
2,115200,BERRIES,3857,17,3856,54,,,3864,17,3865,54,,,3860.5,-4779
2,115300,BERRIES,3857,19,3856,50,,,3864,19,3865,50,,,3860.5,-5184
2,115400,BERRIES,3858,17,3857,50,,,3865,17,3866,50,,,3861.5,-5540
2,115500,BERRIES,3858,13,3857,52,,,3864,13,3865,52,,,3861,-5309.75
2,115600,BERRIES,3858,14,3857,42,,,3865,14,3866,42,,,3861.5,-5685.75
2,115700,BERRIES,3857,19,3856,52,,,3864,19,3865,52,,,3860.5,-5130
2,115800,BERRIES,3857,16,3856,60,,,3864,16,3865,60,,,3860.5,-5090.75
2,115900,BERRIES,3858,11,3857,42,,,3865,11,3866,42,,,3861.5,-5685
2,116000,BERRIES,3858,11,3857,42,,,3865,11,3866,42,,,3861.5,-5494
2,116100,BERRIES,3858,18,3857,40,,,3865,18,3866,40,,,3861.5,-5487
2,116200,BERRIES,3857,15,3856,46,,,3864,15,3865,46,,,3860.5,-4963.25
2,116300,BERRIES,3858,15,3857,50,,,3865,15,3866,50,,,3861.5,-5439.75
2,116400,BERRIES,3858,19,3857,54,,,3864,19,3865,54,,,3861,-5328
2,116500,BERRIES,3858,15,3857,44,,,3865,15,3866,44,,,3861.5,-5695
2,116600,BERRIES,3858,12,3857,48,,,3864,12,3865,48,,,3861,-5342.75
2,116700,BERRIES,3857,18,3856,47,,,3864,18,3865,47,,,3860.5,-5107.75
2,116800,BERRIES,3857,17,3856,41,,,3864,17,3865,41,,,3860.5,-5019
2,116900,BERRIES,3856,13,3855,40,,,3863,13,3864,40,,,3859.5,-4435
2,117000,BERRIES,3856,73,,,,,3859,4,3863,18,3864,55,3857.5,-4572.75
2,117100,BERRIES,3856,18,3855,41,,,3863,18,3864,41,,,3859.5,-4410.25
2,117200,BERRIES,3857,11,3856,57,,,3864,11,3865,57,,,3860.5,-4770.75
2,117300,BERRIES,3856,17,3855,41,,,3863,17,3864,41,,,3859.5,-4529.75
2,117400,BERRIES,3856,18,3855,58,,,3863,18,3864,58,,,3859.5,-4443.5
2,117500,BERRIES,3856,13,3855,58,,,3863,13,3864,58,,,3859.5,-4134.5
2,117600,BERRIES,3857,13,3856,51,,,3863,13,3864,51,,,3860,-4667.75
2,117700,BERRIES,3857,19,3856,56,,,3864,75,,,,,3860.5,-4743.75
2,117800,BERRIES,3856,14,3855,53,,,3863,14,3864,53,,,3859.5,-4528.75
2,117900,BERRIES,3857,10,3856,60,,,3864,70,,,,,3860.5,-4707
2,118000,BERRIES,3857,10,3856,46,,,3864,10,3865,46,,,3860.5,-5071.75
2,118100,BERRIES,3856,20,3855,48,,,3863,20,3864,48,,,3859.5,-4479.5
2,118200,BERRIES,3856,18,3855,46,,,3863,18,3864,46,,,3859.5,-4152.5
2,118300,BERRIES,3856,19,3855,57,,,3863,19,3864,57,,,3859.5,-4085.25
2,118400,BERRIES,3855,20,3854,52,,,3858,22,3862,20,3863,52,3856.5,-3770
2,118500,BERRIES,3855,20,3854,45,,,3862,20,3863,45,,,3858.5,-3678.75
2,118600,BERRIES,3855,17,3854,60,,,3862,17,3863,60,,,3858.5,-3717.5
2,118700,BERRIES,3855,17,3854,55,,,3861,17,3862,55,,,3858,-3255
2,118800,BERRIES,3855,16,3854,47,,,3857,5,3862,16,3863,47,3856,-3559.25
2,118900,BERRIES,3859,1,3855,18,3854,57,3862,18,3863,57,,,3860.5,-3792.25
2,119000,BERRIES,3854,15,3853,57,,,3861,15,3862,57,,,3857.5,-3181.5
2,119100,BERRIES,3854,15,3853,51,,,3860,15,3861,51,,,3857,-2671
2,119200,BERRIES,3854,11,3853,50,,,3861,11,3862,50,,,3857.5,-3035.25
2,119300,BERRIES,3853,14,3852,48,,,3855,1,3860,14,3861,48,3854,-2171.25
2,119400,BERRIES,3853,18,3852,49,,,3859,18,3860,49,,,3856,-2028.5
2,119500,BERRIES,3853,13,3852,43,,,3859,13,3860,43,,,3856,-1916.25
2,119600,BERRIES,3852,16,3851,56,,,3859,16,3860,56,,,3855.5,-1665
2,119700,BERRIES,3852,17,3851,55,,,3859,17,3860,55,,,3855.5,-1862.5
2,119800,BERRIES,3852,10,3851,59,,,3859,10,3860,59,,,3855.5,-1774
2,119900,BERRIES,3852,11,3851,55,,,3859,11,3860,55,,,3855.5,-1591
2,120000,BERRIES,3852,13,3851,58,,,3859,13,3860,58,,,3855.5,-1781
2,120100,BERRIES,3852,18,3851,45,,,3859,18,3860,45,,,3855.5,-1843
2,120200,BERRIES,3853,14,3852,46,,,3860,60,,,,,3856.5,-2042.5
2,120300,BERRIES,3852,14,3851,46,,,3859,14,3860,46,,,3855.5,-1800
2,120400,BERRIES,3854,15,3853,50,,,3860,15,3861,50,,,3857,-2610
2,120500,BERRIES,3854,68,,,,,3861,20,3862,48,,,3857.5,-3218.25
2,120600,BERRIES,3855,16,3854,57,,,3861,16,3862,57,,,3858,-3301.5
2,120700,BERRIES,3855,20,3854,46,,,3862,20,3863,46,,,3858.5,-3797.25
2,120800,BERRIES,3855,19,3854,48,,,3862,19,3863,48,,,3858.5,-3611.75
2,120900,BERRIES,3855,16,3854,56,,,3862,16,3863,56,,,3858.5,-3763.75
2,121000,BERRIES,3855,16,3854,46,,,3862,16,3863,46,,,3858.5,-3491.75
2,121100,BERRIES,3855,20,3854,44,,,3861,20,3862,44,,,3858,-3345.5
2,121200,BERRIES,3854,16,3853,56,,,3861,16,3862,56,,,3857.5,-3196.25
2,121300,BERRIES,3855,11,3854,56,,,3861,11,3862,56,,,3858,-3329.25
2,121400,BERRIES,3855,10,3854,59,,,3862,10,3863,59,,,3858.5,-3551.25
2,121500,BERRIES,3855,15,3854,42,,,3862,15,3863,42,,,3858.5,-3555.5
2,121600,BERRIES,3854,20,3853,45,,,3861,20,3862,45,,,3857.5,-3212
2,121700,BERRIES,3855,19,3854,58,,,3862,19,3863,58,,,3858.5,-3811.25
2,121800,BERRIES,3856,20,3855,40,,,3862,20,3863,40,,,3859,-4020.25
2,121900,BERRIES,3855,18,3854,45,,,3862,18,3863,45,,,3858.5,-3850.25
2,122000,BERRIES,3855,14,3854,43,,,3862,14,3863,43,,,3858.5,-3510.75
2,122100,BERRIES,3855,17,3854,47,,,3862,17,3863,47,,,3858.5,-3774
2,122200,BERRIES,3855,18,3854,42,,,3862,18,3863,42,,,3858.5,-3727.25
2,122300,BERRIES,3856,19,3855,50,,,3863,19,3864,50,,,3859.5,-4170.75
2,122400,BERRIES,3856,18,3855,49,,,3863,18,3864,49,,,3859.5,-4500
2,122500,BERRIES,3857,15,3856,44,,,3864,15,3865,44,,,3860.5,-5161.75
2,122600,BERRIES,3858,20,3857,44,,,3864,20,3865,44,,,3861,-5387.75
2,122700,BERRIES,3857,20,3856,48,,,3864,20,3865,48,,,3860.5,-5135
2,122800,BERRIES,3857,19,3856,52,,,3864,19,3865,52,,,3860.5,-4999.5
2,122900,BERRIES,3856,14,3855,48,,,3863,14,3864,48,,,3859.5,-4518.25
2,123000,BERRIES,3857,10,3856,43,,,3864,10,3865,43,,,3860.5,-4880.25
2,123100,BERRIES,3857,17,3856,40,,,3864,17,3865,40,,,3860.5,-4972.75
2,123200,BERRIES,3856,60,,,,,3863,19,3864,41,,,3859.5,-4665.75
2,123300,BERRIES,3857,12,3856,40,,,3864,12,3865,40,,,3860.5,-4968.25
2,123400,BERRIES,3857,20,3856,44,,,3864,20,3865,44,,,3860.5,-5257.75
2,123500,BERRIES,3857,10,3856,54,,,3864,10,3865,54,,,3860.5,-5108.5
2,123600,BERRIES,3857,18,3856,43,,,3860,18,3864,18,3865,43,3858.5,-5285.75
2,123700,BERRIES,3857,19,3856,52,,,3864,19,3865,52,,,3860.5,-5241
2,123800,BERRIES,3857,19,3856,46,,,3864,19,3865,46,,,3860.5,-5055.75
2,123900,BERRIES,3857,20,3856,49,,,3864,20,3865,49,,,3860.5,-4921.5
2,124000,BERRIES,3856,14,3855,53,,,3863,14,3864,53,,,3859.5,-4262.25
2,124100,BERRIES,3856,17,3855,41,,,3863,17,3864,41,,,3859.5,-4626.75
2,124200,BERRIES,3856,20,3855,41,,,3863,20,3864,41,,,3859.5,-4554.75
2,124300,BERRIES,3857,19,3856,48,,,3863,19,3864,48,,,3860,-4711.25
2,124400,BERRIES,3856,19,3855,48,,,3863,19,3864,48,,,3859.5,-4551
2,124500,BERRIES,3857,20,3856,52,,,3864,72,,,,,3860.5,-4835.5
2,124600,BERRIES,3860,2,3856,11,3855,48,3863,11,3864,48,,,3861.5,-4640.25
2,124700,BERRIES,3857,13,3856,41,,,3864,13,3865,41,,,3860.5,-4875.5
2,124800,BERRIES,3856,11,3855,57,,,3863,11,3864,57,,,3859.5,-4602
2,124900,BERRIES,3860,8,3856,12,3855,49,3863,12,3864,49,,,3861.5,-4613.25
2,125000,BERRIES,3857,16,3856,40,,,3864,16,3865,40,,,3860.5,-4960.25
2,125100,BERRIES,3856,14,3855,40,,,3859,29,3863,14,3864,40,3857.5,-4605.75
2,125200,BERRIES,3856,10,3855,57,,,3863,10,3864,57,,,3859.5,-4239.25
2,125300,BERRIES,3856,17,3855,41,,,3863,17,3864,41,,,3859.5,-4180.75
2,125400,BERRIES,3856,14,3855,57,,,3862,14,3863,57,,,3859,-4102.25
2,125500,BERRIES,3855,20,3854,60,,,3862,20,3863,60,,,3858.5,-3615
2,125600,BERRIES,3855,16,3854,60,,,3861,16,3862,60,,,3858,-3391.5
2,125700,BERRIES,3855,10,3854,53,,,3862,10,3863,53,,,3858.5,-3863.75
2,125800,BERRIES,3855,11,3854,46,,,3862,11,3863,46,,,3858.5,-3845.75
2,125900,BERRIES,3856,19,3855,41,,,3862,19,3863,41,,,3859,-4051
2,126000,BERRIES,3856,17,3855,53,,,3863,17,3864,53,,,3859.5,-4306.5
2,126100,BERRIES,3856,11,3855,58,,,3863,11,3864,58,,,3859.5,-4372.75
2,126200,BERRIES,3856,13,3855,43,,,3862,13,3863,43,,,3859,-4046.5
2,126300,BERRIES,3857,18,3856,51,,,3859,1,3863,18,3864,51,3858,-4771.5
2,126400,BERRIES,3856,20,3855,40,,,3863,20,3864,40,,,3859.5,-4496
2,126500,BERRIES,3856,11,3855,49,,,3863,11,3864,49,,,3859.5,-4653.75
2,126600,BERRIES,3857,10,3856,48,,,3863,10,3864,48,,,3860,-4723.5
2,126700,BERRIES,3856,15,3855,50,,,3863,15,3864,50,,,3859.5,-4602
2,126800,BERRIES,3856,17,3855,51,,,3863,17,3864,51,,,3859.5,-4526.75
2,126900,BERRIES,3856,68,,,,,3863,18,3864,50,,,3859.5,-4607.75
2,127000,BERRIES,3856,18,3855,44,,,3863,18,3864,44,,,3859.5,-4434.5
2,127100,BERRIES,3855,11,3854,41,,,3862,11,3863,41,,,3858.5,-3825
2,127200,BERRIES,3855,10,3854,50,,,3862,60,,,,,3858.5,-3357.25
2,127300,BERRIES,3855,11,3854,45,,,3862,11,3863,45,,,3858.5,-3865.75
2,127400,BERRIES,3856,14,3855,56,,,3863,14,3864,56,,,3859.5,-4126.25
2,127500,BERRIES,3856,10,3855,56,,,3862,10,3863,56,,,3859,-4055.75
2,127600,BERRIES,3855,13,3854,56,,,3862,13,3863,56,,,3858.5,-3412.75
2,127700,BERRIES,3856,18,3855,47,,,3862,18,3863,47,,,3859,-3906
2,127800,BERRIES,3855,12,3854,60,,,3862,12,3863,60,,,3858.5,-3857
2,127900,BERRIES,3856,10,3855,46,,,3862,10,3863,46,,,3859,-3945.75
2,128000,BERRIES,3855,19,3854,44,,,3862,19,3863,44,,,3858.5,-3672.25
2,128100,BERRIES,3856,16,3855,55,,,3862,16,3863,55,,,3859,-3925.25
2,128200,BERRIES,3856,20,3855,56,,,3863,20,3864,56,,,3859.5,-4313
2,128300,BERRIES,3856,11,3855,42,,,3863,11,3864,42,,,3859.5,-4204.25
2,128400,BERRIES,3855,71,,,,,3862,15,3863,56,,,3858.5,-3901.25
2,128500,BERRIES,3856,19,3855,44,,,3863,19,3864,44,,,3859.5,-4112
2,128600,BERRIES,3856,10,3855,54,,,3863,10,3864,54,,,3859.5,-4311
2,128700,BERRIES,3857,10,3856,47,,,3863,10,3864,47,,,3860,-4779.5
2,128800,BERRIES,3857,11,3856,55,,,3863,11,3864,55,,,3860,-4679.25
2,128900,BERRIES,3856,20,3855,54,,,3863,20,3864,54,,,3859.5,-4470.5
2,129000,BERRIES,3857,12,3856,59,,,3863,12,3864,59,,,3860,-4667.25
2,129100,BERRIES,3856,18,3855,56,,,3859,15,3863,18,3864,56,3857.5,-4470
2,129200,BERRIES,3856,19,3855,46,,,3863,19,3864,46,,,3859.5,-4125
2,129300,BERRIES,3856,20,3855,59,,,3863,20,3864,59,,,3859.5,-4128.25
2,129400,BERRIES,3855,10,3854,58,,,3862,10,3863,58,,,3858.5,-3671.5
2,129500,BERRIES,3858,28,3854,13,3853,54,3861,13,3862,54,,,3859.5,-3057.5
2,129600,BERRIES,3854,18,3853,48,,,3861,18,3862,48,,,3857.5,-3005.5
2,129700,BERRIES,3854,18,3853,44,,,3861,18,3862,44,,,3857.5,-3147
2,129800,BERRIES,3855,18,3854,46,,,3861,18,3862,46,,,3858,-3329
2,129900,BERRIES,3854,13,3853,48,,,3861,13,3862,48,,,3857.5,-2754.75
2,130000,BERRIES,3855,20,3854,41,,,3861,20,3862,41,,,3858,-3292.5
2,130100,BERRIES,3854,14,3853,51,,,3861,14,3862,51,,,3857.5,-2666.75
2,130200,BERRIES,3854,16,3853,42,,,3861,16,3862,42,,,3857.5,-2970
2,130300,BERRIES,3854,67,,,,,3861,14,3862,53,,,3857.5,-3154.75
2,130400,BERRIES,3855,16,3854,50,,,3857,12,3862,16,3863,50,3856,-3409
2,130500,BERRIES,3855,17,3854,54,,,3858,13,3862,17,3863,54,3856.5,-3645
2,130600,BERRIES,3855,17,3854,47,,,3862,17,3863,47,,,3858.5,-3374.5
2,130700,BERRIES,3854,14,3853,56,,,3860,14,3861,56,,,3857,-2621.25
2,130800,BERRIES,3853,17,3852,57,,,3860,17,3861,57,,,3856.5,-2123.5
2,130900,BERRIES,3854,20,3853,59,,,3860,20,3861,59,,,3857,-2599.25
2,131000,BERRIES,3854,15,3853,41,,,3861,15,3862,41,,,3857.5,-2741.25
2,131100,BERRIES,3854,19,3853,59,,,3861,19,3862,59,,,3857.5,-3077.25
2,131200,BERRIES,3854,11,3853,57,,,3861,11,3862,57,,,3857.5,-2685.75
2,131300,BERRIES,3854,11,3853,60,,,3860,11,3861,60,,,3857,-2500.25
2,131400,BERRIES,3853,20,3852,48,,,3860,20,3861,48,,,3856.5,-2151.25
2,131500,BERRIES,3852,17,3851,47,,,3859,17,3860,47,,,3855.5,-1393.5
2,131600,BERRIES,3852,14,3851,50,,,3859,14,3860,50,,,3855.5,-1234.75
2,131700,BERRIES,3851,60,,,,,3858,18,3859,42,,,3854.5,-982.5
2,131800,BERRIES,3852,11,3851,60,,,3858,11,3859,60,,,3855,-1044
2,131900,BERRIES,3852,11,3851,43,,,3859,11,3860,43,,,3855.5,-1201.5
2,132000,BERRIES,3851,14,3850,54,,,3854,5,3858,14,3859,54,3852.5,-629.75
2,132100,BERRIES,3852,16,3851,44,,,3858,16,3859,44,,,3855,-1041.5
2,132200,BERRIES,3851,20,3850,59,,,3858,20,3859,59,,,3854.5,-720.75
2,132300,BERRIES,3851,64,,,,,3858,12,3859,52,,,3854.5,-963.5
2,132400,BERRIES,3852,16,3851,50,,,3859,16,3860,50,,,3855.5,-1372.75
2,132500,BERRIES,3852,18,3851,58,,,3855,21,3859,18,3860,58,3853.5,-1532.75
2,132600,BERRIES,3852,15,3851,56,,,3859,15,3860,56,,,3855.5,-1619.25
2,132700,BERRIES,3853,15,3852,59,,,3860,15,3861,59,,,3856.5,-2031.75
2,132800,BERRIES,3854,15,3853,54,,,3861,69,,,,,3857.5,-2626.75
2,132900,BERRIES,3854,14,3853,41,,,3861,14,3862,41,,,3857.5,-2693.25
2,133000,BERRIES,3855,19,3854,57,,,3861,19,3862,57,,,3858,-3243.25
2,133100,BERRIES,3854,19,3853,51,,,3861,19,3862,51,,,3857.5,-2966.75
2,133200,BERRIES,3854,13,3853,40,,,3861,13,3862,40,,,3857.5,-2688.75
2,133300,BERRIES,3854,16,3853,40,,,3861,16,3862,40,,,3857.5,-2700.75
2,133400,BERRIES,3854,10,3853,48,,,3861,10,3862,48,,,3857.5,-2982.75
2,133500,BERRIES,3854,59,,,,,3861,19,3862,40,,,3857.5,-3162
2,133600,BERRIES,3855,11,3854,58,,,3862,11,3863,58,,,3858.5,-3386.75
2,133700,BERRIES,3855,10,3854,51,,,3861,10,3862,51,,,3858,-3249.5
2,133800,BERRIES,3855,16,3854,49,,,3862,16,3863,49,,,3858.5,-3679.75
2,133900,BERRIES,3855,11,3854,45,,,3861,11,3862,45,,,3858,-3260.5
2,134000,BERRIES,3855,15,3854,48,,,3861,15,3862,48,,,3858,-3266
2,134100,BERRIES,3855,14,3854,59,,,3862,14,3863,59,,,3858.5,-3480.25
2,134200,BERRIES,3855,13,3854,49,,,3862,13,3863,49,,,3858.5,-3571.25
2,134300,BERRIES,3855,16,3854,57,,,3861,16,3862,57,,,3858,-3204
2,134400,BERRIES,3854,19,3853,42,,,3861,19,3862,42,,,3857.5,-3055.5
2,134500,BERRIES,3854,13,3853,54,,,3861,13,3862,54,,,3857.5,-2834
2,134600,BERRIES,3853,18,3852,57,,,3860,18,3861,57,,,3856.5,-2390
2,134700,BERRIES,3854,17,3853,53,,,3861,17,3862,53,,,3857.5,-2614.5
2,134800,BERRIES,3854,16,3853,46,,,3857,17,3861,16,3862,46,3855.5,-2973.25
2,134900,BERRIES,3855,13,3854,60,,,3862,13,3863,60,,,3858.5,-3359.5
2,135000,BERRIES,3855,20,3854,41,,,3857,11,3861,20,3862,41,3856,-3213
2,135100,BERRIES,3855,14,3854,52,,,3862,14,3863,52,,,3858.5,-3405
2,135200,BERRIES,3855,11,3854,40,,,3862,11,3863,40,,,3858.5,-3464
2,135300,BERRIES,3855,20,3854,57,,,3862,20,3863,57,,,3858.5,-3743.75
2,135400,BERRIES,3856,20,3855,47,,,3862,20,3863,47,,,3859,-3948.5
2,135500,BERRIES,3856,15,3855,58,,,3862,15,3863,58,,,3859,-4039
2,135600,BERRIES,3856,11,3855,46,,,3863,11,3864,46,,,3859.5,-4165.5
2,135700,BERRIES,3857,16,3856,60,,,3864,16,3865,60,,,3860.5,-5000
2,135800,BERRIES,3856,67,,,,,3863,15,3864,52,,,3859.5,-4691.5
2,135900,BERRIES,3857,20,3856,40,,,3864,20,3865,40,,,3860.5,-5182.5
2,136000,BERRIES,3858,19,3857,44,,,3865,19,3866,44,,,3861.5,-5730.75
2,136100,BERRIES,3858,14,3857,54,,,3864,14,3865,54,,,3861,-5514.75
2,136200,BERRIES,3858,16,3857,50,,,3865,16,3866,50,,,3861.5,-5676.75
2,136300,BERRIES,3858,19,3857,41,,,3864,19,3865,41,,,3861,-5574.25
2,136400,BERRIES,3858,16,3857,49,,,3865,16,3866,49,,,3861.5,-5880.75
2,136500,BERRIES,3858,11,3857,49,,,3865,11,3866,49,,,3861.5,-5927.75
2,136600,BERRIES,3858,20,3857,57,,,3865,20,3866,57,,,3861.5,-5684.25
2,136700,BERRIES,3857,17,3856,40,,,3864,17,3865,40,,,3860.5,-4947.25
2,136800,BERRIES,3859,14,3856,13,3855,43,3862,13,3863,43,,,3860.5,-4093.75
2,136900,BERRIES,3856,15,3855,58,,,3863,15,3864,58,,,3859.5,-4641
2,137000,BERRIES,3857,19,3856,48,,,3863,19,3864,48,,,3860,-4833.75
2,137100,BERRIES,3857,10,3856,55,,,3863,10,3864,55,,,3860,-4846.25
2,137200,BERRIES,3856,19,3855,41,,,3863,19,3864,41,,,3859.5,-4579.25
2,137300,BERRIES,3856,12,3855,56,,,3863,12,3864,56,,,3859.5,-4611.5
2,137400,BERRIES,3856,11,3855,55,,,3863,11,3864,55,,,3859.5,-4555.5
2,137500,BERRIES,3856,12,3855,47,,,3863,12,3864,47,,,3859.5,-4270
2,137600,BERRIES,3856,10,3855,60,,,3863,10,3864,60,,,3859.5,-4325
2,137700,BERRIES,3856,20,3855,49,,,3863,20,3864,49,,,3859.5,-4224.5
2,137800,BERRIES,3857,19,3856,46,,,3864,19,3865,46,,,3860.5,-4977
2,137900,BERRIES,3857,20,3856,53,,,3864,20,3865,53,,,3860.5,-5092.5
2,138000,BERRIES,3858,18,3857,47,,,3865,18,3866,47,,,3861.5,-5714
2,138100,BERRIES,3861,2,3858,19,3857,43,3864,19,3865,43,,,3862.5,-5620.75
2,138200,BERRIES,3857,16,3856,40,,,3864,16,3865,40,,,3860.5,-5204.25
2,138300,BERRIES,3857,13,3856,52,,,3864,13,3865,52,,,3860.5,-5203
2,138400,BERRIES,3856,17,3855,45,,,3863,17,3864,45,,,3859.5,-4643
2,138500,BERRIES,3860,2,3857,16,3856,50,3863,16,3864,50,,,3861.5,-4766.25
2,138600,BERRIES,3857,19,3856,47,,,3864,19,3865,47,,,3860.5,-4912
2,138700,BERRIES,3856,13,3855,47,,,3863,13,3864,47,,,3859.5,-4342.75
2,138800,BERRIES,3856,17,3855,48,,,3863,17,3864,48,,,3859.5,-4330
2,138900,BERRIES,3855,17,3854,43,,,3862,17,3863,43,,,3858.5,-3816.75
2,139000,BERRIES,3856,12,3855,49,,,3862,12,3863,49,,,3859,-4054.5
2,139100,BERRIES,3856,57,,,,,3863,12,3864,45,,,3859.5,-4702.5
2,139200,BERRIES,3856,63,,,,,3863,16,3864,47,,,3859.5,-4692.5
2,139300,BERRIES,3857,13,3856,51,,,3864,13,3865,51,,,3860.5,-5311.25
2,139400,BERRIES,3858,13,3857,51,,,3864,13,3865,51,,,3861,-5539.5
2,139500,BERRIES,3858,15,3857,56,,,3865,15,3866,56,,,3861.5,-5883
2,139600,BERRIES,3858,15,3857,49,,,3865,15,3866,49,,,3861.5,-5919
2,139700,BERRIES,3859,12,3858,56,,,3866,12,3867,56,,,3862.5,-6534
2,139800,BERRIES,3859,10,3858,46,,,3866,10,3867,46,,,3862.5,-6945.5
2,139900,BERRIES,3860,13,3859,51,,,3866,13,3867,51,,,3863,-7054.75
2,140000,BERRIES,3859,14,3858,45,,,3866,14,3867,45,,,3862.5,-6945.5
2,140100,BERRIES,3860,10,3859,55,,,3867,10,3868,55,,,3863.5,-7501.75
2,140200,BERRIES,3859,15,3858,49,,,3866,15,3867,49,,,3862.5,-6975
2,140300,BERRIES,3859,19,3858,52,,,3866,19,3867,52,,,3862.5,-6983.5
2,140400,BERRIES,3863,5,3860,10,3859,60,3866,10,3867,60,,,3864.5,-7096
2,140500,BERRIES,3859,12,3858,48,,,3862,2,3866,12,3867,48,3860.5,-6989.25
2,140600,BERRIES,3859,11,3858,55,,,3866,11,3867,55,,,3862.5,-6444
2,140700,BERRIES,3858,18,3857,60,,,3865,18,3866,60,,,3861.5,-6105
2,140800,BERRIES,3857,17,3856,58,,,3864,17,3865,58,,,3860.5,-5185
2,140900,BERRIES,3857,20,3856,46,,,3864,20,3865,46,,,3860.5,-5108
2,141000,BERRIES,3857,16,3856,46,,,3864,16,3865,46,,,3860.5,-4877.25
2,141100,BERRIES,3857,13,3856,49,,,3864,13,3865,49,,,3860.5,-5004
2,141200,BERRIES,3858,13,3857,51,,,3864,13,3865,51,,,3861,-5654.25
2,141300,BERRIES,3857,18,3856,56,,,3864,18,3865,56,,,3860.5,-5410.5
2,141400,BERRIES,3860,5,3857,19,3856,59,3864,19,3865,59,,,3862,-4986
2,141500,BERRIES,3855,13,3854,60,,,3862,13,3863,60,,,3858.5,-3758.75
2,141600,BERRIES,3855,18,3854,52,,,3862,18,3863,52,,,3858.5,-3696.25
2,141700,BERRIES,3856,13,3855,60,,,3863,73,,,,,3859.5,-4103
2,141800,BERRIES,3856,10,3855,59,,,3863,10,3864,59,,,3859.5,-4136
2,141900,BERRIES,3856,15,3855,45,,,3863,15,3864,45,,,3859.5,-4284
2,142000,BERRIES,3855,16,3854,57,,,3862,16,3863,57,,,3858.5,-3701
2,142100,BERRIES,3855,16,3854,56,,,3862,16,3863,56,,,3858.5,-3435
2,142200,BERRIES,3854,19,3853,60,,,3861,19,3862,60,,,3857.5,-3021.25
2,142300,BERRIES,3854,14,3853,48,,,3861,14,3862,48,,,3857.5,-2630.5
2,142400,BERRIES,3854,18,3853,46,,,3856,2,3861,18,3862,46,3855,-2574
2,142500,BERRIES,3855,16,3854,59,,,3861,16,3862,59,,,3858,-3125.5
2,142600,BERRIES,3854,19,3853,60,,,3861,19,3862,60,,,3857.5,-2937.5
2,142700,BERRIES,3855,15,3854,49,,,3861,15,3862,49,,,3858,-3119.25
2,142800,BERRIES,3854,10,3853,40,,,3861,10,3862,40,,,3857.5,-2844.75
2,142900,BERRIES,3855,14,3854,47,,,3861,14,3862,47,,,3858,-3163.25
2,143000,BERRIES,3854,13,3853,46,,,3861,13,3862,46,,,3857.5,-2759.5
2,143100,BERRIES,3853,12,3852,53,,,3860,12,3861,53,,,3856.5,-2243
2,143200,BERRIES,3854,12,3853,50,,,3861,12,3862,50,,,3857.5,-2635.5
2,143300,BERRIES,3854,17,3853,50,,,3861,17,3862,50,,,3857.5,-3014.5
2,143400,BERRIES,3855,13,3854,50,,,3862,13,3863,50,,,3858.5,-3335.5
2,143500,BERRIES,3855,12,3854,47,,,3862,12,3863,47,,,3858.5,-3394
2,143600,BERRIES,3855,11,3854,55,,,3857,5,3862,11,3863,55,3856,-3437.25
2,143700,BERRIES,3855,15,3854,49,,,3861,15,3862,49,,,3858,-3187.25
2,143800,BERRIES,3855,13,3854,54,,,3862,13,3863,54,,,3858.5,-3864
2,143900,BERRIES,3855,14,3854,50,,,3862,14,3863,50,,,3858.5,-3582
2,144000,BERRIES,3855,17,3854,43,,,3857,3,3862,60,,,3856,-3317
2,144100,BERRIES,3855,18,3854,57,,,3861,18,3862,57,,,3858,-3231.25
2,144200,BERRIES,3855,14,3854,59,,,3861,14,3862,59,,,3858,-3121.25
2,144300,BERRIES,3855,20,3854,40,,,3862,20,3863,40,,,3858.5,-3627
2,144400,BERRIES,3855,19,3854,52,,,3862,19,3863,52,,,3858.5,-3610
2,144500,BERRIES,3855,10,3854,44,,,3862,10,3863,44,,,3858.5,-3451.5
2,144600,BERRIES,3855,58,,,,,3862,18,3863,40,,,3858.5,-3924.25
2,144700,BERRIES,3855,17,3854,43,,,3862,17,3863,43,,,3858.5,-3546
2,144800,BERRIES,3856,19,3855,51,,,3863,19,3864,51,,,3859.5,-4396.5
2,144900,BERRIES,3855,70,,,,,3862,18,3863,52,,,3858.5,-3913.5
2,145000,BERRIES,3855,16,3854,53,,,3862,16,3863,53,,,3858.5,-3690.5
2,145100,BERRIES,3855,13,3854,42,,,3862,13,3863,42,,,3858.5,-3612.75
2,145200,BERRIES,3855,17,3854,56,,,3861,17,3862,56,,,3858,-3144.75
2,145300,BERRIES,3855,20,3854,41,,,3862,20,3863,41,,,3858.5,-3530.25
2,145400,BERRIES,3855,19,3854,57,,,3862,19,3863,57,,,3858.5,-3805
2,145500,BERRIES,3855,17,3854,52,,,3862,17,3863,52,,,3858.5,-3856
2,145600,BERRIES,3856,15,3855,52,,,3863,15,3864,52,,,3859.5,-4170.75
2,145700,BERRIES,3856,11,3855,48,,,3859,22,3863,11,3864,48,3857.5,-4443.5
2,145800,BERRIES,3859,4,3856,15,3855,45,3863,15,3864,45,,,3861,-4171
2,145900,BERRIES,3855,12,3854,53,,,3862,12,3863,53,,,3858.5,-3811
2,146000,BERRIES,3855,10,3854,53,,,3862,10,3863,53,,,3858.5,-3815
2,146100,BERRIES,3855,16,3854,54,,,3862,16,3863,54,,,3858.5,-3876.5
2,146200,BERRIES,3855,12,3854,43,,,3861,12,3862,43,,,3858,-3122.5
2,146300,BERRIES,3855,14,3854,56,,,3861,14,3862,56,,,3858,-3135
2,146400,BERRIES,3855,10,3854,47,,,3861,10,3862,47,,,3858,-3209.75
2,146500,BERRIES,3855,17,3854,60,,,3862,17,3863,60,,,3858.5,-3639.25
2,146600,BERRIES,3855,13,3854,46,,,3861,13,3862,46,,,3858,-3312
2,146700,BERRIES,3855,18,3854,57,,,3862,18,3863,57,,,3858.5,-3884.5
2,146800,BERRIES,3856,20,3855,60,,,3863,20,3864,60,,,3859.5,-4538.75
2,146900,BERRIES,3857,18,3856,55,,,3863,18,3864,55,,,3860,-4930.5
2,147000,BERRIES,3857,15,3856,53,,,3863,15,3864,53,,,3860,-4933.5
2,147100,BERRIES,3857,15,3856,60,,,3864,15,3865,60,,,3860.5,-5021.5
2,147200,BERRIES,3857,16,3856,46,,,3864,16,3865,46,,,3860.5,-5270.5
2,147300,BERRIES,3857,14,3856,53,,,3864,14,3865,53,,,3860.5,-5339.5
2,147400,BERRIES,3857,16,3856,44,,,3864,16,3865,44,,,3860.5,-5025.25
2,147500,BERRIES,3857,17,3856,47,,,3864,17,3865,47,,,3860.5,-5250
2,147600,BERRIES,3857,20,3856,40,,,3864,20,3865,40,,,3860.5,-5040.5
2,147700,BERRIES,3857,17,3856,54,,,3864,17,3865,54,,,3860.5,-5280.25
