day,timestamp,product,bid_price_1,bid_volume_1,bid_price_2,bid_volume_2,bid_price_3,bid_volume_3,ask_price_1,ask_volume_1,ask_price_2,ask_volume_2,ask_price_3,ask_volume_3,mid_price,profit_and_loss
2,0,PINA_COLADAS,14850,72,,,,,14853,72,,,,,14851.5,0
2,100,PINA_COLADAS,14853,92,,,,,14856,92,,,,,14854.5,-445.75
2,200,PINA_COLADAS,14853,83,,,,,14856,83,,,,,14854.5,-613
2,300,PINA_COLADAS,14858,101,,,,,14861,101,,,,,14859.5,-2061.5
2,400,PINA_COLADAS,14855,103,,,,,14858,40,14859,63,,,14856.5,-1387.5
2,500,PINA_COLADAS,14854,95,,,,,14857,95,,,,,14855.5,-1006.5
2,600,PINA_COLADAS,14852,29,14851,62,,,14854,29,14855,62,,,14853,-317.5
2,700,PINA_COLADAS,14852,36,14851,99,,,14854,99,,,,,14853,-219.5
2,800,PINA_COLADAS,14848,36,14847,73,,,14851,109,,,,,14849.5,783
2,900,PINA_COLADAS,14850,88,,,,,14853,88,,,,,14851.5,73.5
2,1000,PINA_COLADAS,14852,28,14851,65,,,14854,28,14855,65,,,14853,-319.5
2,1100,PINA_COLADAS,14852,107,,,,,14855,107,,,,,14853.5,-389.5
2,1200,PINA_COLADAS,14850,86,,,,,14853,86,,,,,14851.5,201
2,1300,PINA_COLADAS,14848,106,,,,,14851,106,,,,,14849.5,691
2,1400,PINA_COLADAS,14848,84,,,,,14851,84,,,,,14849.5,677.5
2,1500,PINA_COLADAS,14850,90,,,,,14853,90,,,,,14851.5,95
2,1600,PINA_COLADAS,14848,101,,,,,14851,101,,,,,14849.5,675.5
2,1700,PINA_COLADAS,14847,94,,,,,14850,94,,,,,14848.5,975.5
2,1800,PINA_COLADAS,14847,80,,,,,14850,80,,,,,14848.5,948
2,1900,PINA_COLADAS,14848,91,,,,,14851,27,14852,64,,,14849.5,591.5
2,2000,PINA_COLADAS,14847,31,14846,95,,,14849,95,,,,,14848,1314.5
2,2100,PINA_COLADAS,14845,94,,,,,14848,94,,,,,14846.5,1475.5
2,2200,PINA_COLADAS,14843,39,14842,60,,,14845,39,14846,60,,,14844,2271.5
2,2300,PINA_COLADAS,14843,100,,,,,14846,100,,,,,14844.5,2021
2,2400,PINA_COLADAS,14844,76,,,,,14847,26,14848,50,,,14845.5,1729
2,2500,PINA_COLADAS,14844,87,,,,,14847,87,,,,,14845.5,1775
2,2600,PINA_COLADAS,14847,108,,,,,14850,38,14851,70,,,14848.5,882.5
2,2700,PINA_COLADAS,14847,24,14846,56,,,14850,80,,,,,14848.5,1071.5
2,2800,PINA_COLADAS,14844,36,14843,86,,,14846,86,,,,,14845,2160.5
2,2900,PINA_COLADAS,14840,105,,,,,14843,105,,,,,14841.5,3008.5
2,3000,PINA_COLADAS,14840,39,14839,60,,,14842,39,14843,60,,,14841,3113
2,3100,PINA_COLADAS,14840,104,,,,,14843,104,,,,,14841.5,2945.5
2,3200,PINA_COLADAS,14839,85,,,,,14842,85,,,,,14840.5,3304
2,3300,PINA_COLADAS,14836,101,,,,,14839,101,,,,,14837.5,4066
2,3400,PINA_COLADAS,14837,85,,,,,14840,85,,,,,14838.5,3735
2,3500,PINA_COLADAS,14840,39,14839,72,,,14842,39,14843,72,,,14841,3076
2,3600,PINA_COLADAS,14838,88,,,,,14841,88,,,,,14839.5,3525
2,3700,PINA_COLADAS,14836,22,14835,56,,,14838,22,14839,56,,,14837,4202
2,3800,PINA_COLADAS,14837,89,,,,,14840,89,,,,,14838.5,3861.5
2,3900,PINA_COLADAS,14839,21,14838,64,,,14841,21,14842,64,,,14840,3404.5
2,4000,PINA_COLADAS,14833,92,,,,,14836,92,,,,,14834.5,4960
2,4100,PINA_COLADAS,14834,81,,,,,14837,81,,,,,14835.5,4620
2,4200,PINA_COLADAS,14837,80,,,,,14840,80,,,,,14838.5,3804.5
2,4300,PINA_COLADAS,14840,33,14839,66,,,14843,99,,,,,14841.5,3063
2,4400,PINA_COLADAS,14838,85,,,,,14841,85,,,,,14839.5,3471.5
2,4500,PINA_COLADAS,14842,38,14841,60,,,14844,38,14845,60,,,14843,2519
2,4600,PINA_COLADAS,14841,93,,,,,14844,29,14845,64,,,14842.5,2561.5
2,4700,PINA_COLADAS,14844,40,14843,74,,,14846,40,14847,74,,,14845,1981
2,4800,PINA_COLADAS,14841,84,,,,,14844,84,,,,,14842.5,2752
2,4900,PINA_COLADAS,14842,81,,,,,14845,81,,,,,14843.5,2412.5
2,5000,PINA_COLADAS,14841,26,14840,53,,,14843,26,14844,53,,,14842,2795
2,5100,PINA_COLADAS,14840,25,14839,64,,,14842,25,14843,64,,,14841,3095.5
2,5200,PINA_COLADAS,14838,113,,,,,14841,113,,,,,14839.5,3539
2,5300,PINA_COLADAS,14840,74,,,,,14843,74,,,,,14841.5,2985
2,5400,PINA_COLADAS,14840,95,,,,,14843,95,,,,,14841.5,2878
2,5500,PINA_COLADAS,14840,34,14839,20,14838,60,14841,20,14842,60,,,14840.5,3359
2,5600,PINA_COLADAS,14841,98,,,,,14844,98,,,,,14842.5,2670.5
2,5700,PINA_COLADAS,14838,26,14837,72,,,14840,26,14841,72,,,14839,3648
2,5800,PINA_COLADAS,14838,77,,,,,14841,77,,,,,14839.5,3511
2,5900,PINA_COLADAS,14839,92,,,,,14842,92,,,,,14840.5,3237
2,6000,PINA_COLADAS,14843,20,14842,74,,,14845,20,14846,74,,,14844,2222
2,6100,PINA_COLADAS,14839,23,14838,63,,,14841,23,14842,63,,,14840,3396
2,6200,PINA_COLADAS,14836,108,,,,,14839,108,,,,,14837.5,4072
2,6300,PINA_COLADAS,14837,37,14836,66,,,14839,37,14840,66,,,14838,3947
2,6400,PINA_COLADAS,14833,85,,,,,14836,85,,,,,14834.5,5018.5
2,6500,PINA_COLADAS,14833,88,,,,,14836,88,,,,,14834.5,4876
2,6600,PINA_COLADAS,14833,35,14832,110,,,14835,110,,,,,14834,5172.5
2,6700,PINA_COLADAS,14829,101,,,,,14832,101,,,,,14830.5,6115
2,6800,PINA_COLADAS,14832,38,14831,97,,,14834,97,,,,,14833,5575.5
2,6900,PINA_COLADAS,14827,26,14826,59,,,14829,26,14830,59,,,14828,6781.5
2,7000,PINA_COLADAS,14825,30,14824,66,,,14827,30,14828,66,,,14826,7352.5
2,7100,PINA_COLADAS,14822,21,14821,55,,,14824,21,14825,55,,,14823,8201
2,7200,PINA_COLADAS,14822,95,,,,,14825,95,,,,,14823.5,8091.5
2,7300,PINA_COLADAS,14823,80,,,,,14826,80,,,,,14824.5,7831
2,7400,PINA_COLADAS,14822,75,,,,,14825,22,14826,53,,,14823.5,7954
2,7500,PINA_COLADAS,14826,107,,,,,14829,107,,,,,14827.5,6901
2,7600,PINA_COLADAS,14824,96,,,,,14827,96,,,,,14825.5,7528
2,7700,PINA_COLADAS,14825,80,,,,,14828,80,,,,,14826.5,7134.5
2,7800,PINA_COLADAS,14825,96,,,,,14828,96,,,,,14826.5,7213.5
2,7900,PINA_COLADAS,14827,95,,,,,14830,95,,,,,14828.5,6552
2,8000,PINA_COLADAS,14826,92,,,,,14829,92,,,,,14827.5,6830
2,8100,PINA_COLADAS,14823,80,,,,,14826,20,14827,60,,,14824.5,7667
2,8200,PINA_COLADAS,14823,108,,,,,14826,108,,,,,14824.5,7684.5
2,8300,PINA_COLADAS,14823,29,14822,58,,,14824,29,14826,87,,,14823.5,7865
2,8400,PINA_COLADAS,14823,24,14822,56,,,14825,24,14826,56,,,14824,7909
2,8500,PINA_COLADAS,14825,93,,,,,14828,93,,,,,14826.5,7130.5
2,8600,PINA_COLADAS,14828,29,14827,95,,,14830,95,,,,,14829,6674
2,8700,PINA_COLADAS,14828,35,14827,65,,,14830,35,14831,65,,,14829,6466
2,8800,PINA_COLADAS,14828,82,,,,,14831,82,,,,,14829.5,6433.5
2,8900,PINA_COLADAS,14826,103,,,,,14829,103,,,,,14827.5,6887
2,9000,PINA_COLADAS,14826,30,14825,62,,,14828,30,14829,62,,,14827,7027.5
2,9100,PINA_COLADAS,14824,87,,,,,14827,87,,,,,14825.5,7466
2,9200,PINA_COLADAS,14825,98,,,,,14828,98,,,,,14826.5,7145.5
2,9300,PINA_COLADAS,14821,94,,,,,14824,94,,,,,14822.5,8260.5
2,9400,PINA_COLADAS,14825,102,,,,,14828,102,,,,,14826.5,7283.5
2,9500,PINA_COLADAS,14821,91,,,,,14824,91,,,,,14822.5,8389.5
2,9600,PINA_COLADAS,14825,101,,,,,14828,101,,,,,14826.5,7136
2,9700,PINA_COLADAS,14826,91,,,,,14829,91,,,,,14827.5,6963
2,9800,PINA_COLADAS,14826,33,14825,54,,,14828,33,14829,54,,,14827,7057
2,9900,PINA_COLADAS,14827,28,14826,80,,,14829,80,,,,,14828,6949
2,10000,PINA_COLADAS,14829,34,14828,70,,,14831,34,14832,70,,,14830,6218.5
2,10100,PINA_COLADAS,14830,90,,,,,14831,32,14833,90,,,14830.5,5778.5
2,10200,PINA_COLADAS,14830,91,,,,,14833,33,14834,58,,,14831.5,5686
2,10300,PINA_COLADAS,14829,93,,,,,14832,93,,,,,14830.5,6002.5
2,10400,PINA_COLADAS,14830,101,,,,,14833,101,,,,,14831.5,5791
2,10500,PINA_COLADAS,14835,24,14834,52,,,14838,76,,,,,14836.5,4476.5
2,10600,PINA_COLADAS,14835,90,,,,,14838,90,,,,,14836.5,4406
2,10700,PINA_COLADAS,14834,83,,,,,14837,22,14838,61,,,14835.5,4553.5
2,10800,PINA_COLADAS,14836,23,14835,111,,,14838,111,,,,,14837,4313
2,10900,PINA_COLADAS,14835,97,,,,,14838,97,,,,,14836.5,4441.5
2,11000,PINA_COLADAS,14838,30,14837,55,,,14840,30,14841,55,,,14839,3670
2,11100,PINA_COLADAS,14837,89,,,,,14840,89,,,,,14838.5,3741.5
2,11200,PINA_COLADAS,14839,27,14838,70,,,14841,27,14842,70,,,14840,3406
2,11300,PINA_COLADAS,14841,29,14840,105,,,14843,105,,,,,14842,3024
2,11400,PINA_COLADAS,14835,71,,,,,14838,71,,,,,14836.5,4339
2,11500,PINA_COLADAS,14833,87,,,,,14836,21,14837,66,,,14834.5,4834.5
2,11600,PINA_COLADAS,14836,87,,,,,14839,87,,,,,14837.5,4134
2,11700,PINA_COLADAS,14839,22,14838,51,,,14840,26,14841,22,14842,51,14839.5,3378.5
2,11800,PINA_COLADAS,14841,88,,,,,14844,88,,,,,14842.5,2665
2,11900,PINA_COLADAS,14843,40,14842,75,,,14846,115,,,,,14844.5,2212.5
2,12000,PINA_COLADAS,14845,36,14844,97,,,14847,32,14848,65,,,14846,1731
2,12100,PINA_COLADAS,14845,102,,,,,14848,102,,,,,14846.5,1578
2,12200,PINA_COLADAS,14847,100,,,,,14850,26,14851,74,,,14848.5,874.5
2,12300,PINA_COLADAS,14848,80,,,,,14851,80,,,,,14849.5,699.5
2,12400,PINA_COLADAS,14855,103,,,,,14858,103,,,,,14856.5,-1348.5
2,12500,PINA_COLADAS,14852,38,14851,57,,,14854,38,14855,57,,,14853,-293
2,12600,PINA_COLADAS,14857,36,14856,105,,,14859,105,,,,,14858,-1570
2,12700,PINA_COLADAS,14860,32,14859,75,,,14862,32,14863,75,,,14861,-2543
2,12800,PINA_COLADAS,14859,31,14858,81,,,14861,81,,,,,14860,-2069.5
2,12900,PINA_COLADAS,14857,90,,,,,14860,90,,,,,14858.5,-1810.5
2,13000,PINA_COLADAS,14855,70,,,,,14858,70,,,,,14856.5,-1305.5
2,13100,PINA_COLADAS,14856,109,,,,,14859,109,,,,,14857.5,-1562
2,13200,PINA_COLADAS,14858,29,14857,55,,,14860,29,14861,55,,,14859,-1989.5
2,13300,PINA_COLADAS,14857,113,,,,,14860,113,,,,,14858.5,-1926.5
2,13400,PINA_COLADAS,14855,20,14854,62,,,14856,23,14857,20,14858,62,14855.5,-1161
2,13500,PINA_COLADAS,14858,21,14857,58,,,14860,21,14861,58,,,14859,-1998.5
2,13600,PINA_COLADAS,14854,18,14853,52,,,14856,29,14857,52,,,14855,-881
2,13700,PINA_COLADAS,14853,82,,,,,14856,82,,,,,14854.5,-673
2,13800,PINA_COLADAS,14854,95,,,,,14857,95,,,,,14855.5,-1058
2,13900,PINA_COLADAS,14854,93,,,,,14857,93,,,,,14855.5,-932
2,14000,PINA_COLADAS,14853,89,,,,,14856,89,,,,,14854.5,-671.5
2,14100,PINA_COLADAS,14852,93,,,,,14855,93,,,,,14853.5,-508
2,14200,PINA_COLADAS,14850,89,,,,,14851,29,14853,89,,,14850.5,188.5
2,14300,PINA_COLADAS,14848,96,,,,,14851,24,14852,72,,,14849.5,601
2,14400,PINA_COLADAS,14851,76,,,,,14854,76,,,,,14852.5,-179
2,14500,PINA_COLADAS,14856,103,,,,,14859,103,,,,,14857.5,-1519
2,14600,PINA_COLADAS,14858,83,,,,,14861,83,,,,,14859.5,-2177.5
2,14700,PINA_COLADAS,14859,90,,,,,14862,90,,,,,14860.5,-2385.5
2,14800,PINA_COLADAS,14856,92,,,,,14859,92,,,,,14857.5,-1621
2,14900,PINA_COLADAS,14855,90,,,,,14858,90,,,,,14856.5,-1373.5
2,15000,PINA_COLADAS,14854,94,,,,,14857,94,,,,,14855.5,-972.5
2,15100,PINA_COLADAS,14856,88,,,,,14859,88,,,,,14857.5,-1531
2,15200,PINA_COLADAS,14859,89,,,,,14862,89,,,,,14860.5,-2366
2,15300,PINA_COLADAS,14862,81,,,,,14865,81,,,,,14863.5,-3187.5
2,15400,PINA_COLADAS,14865,40,14864,64,,,14867,40,14868,64,,,14866,-3981
2,15500,PINA_COLADAS,14865,91,,,,,14868,91,,,,,14866.5,-4045.5
2,15600,PINA_COLADAS,14866,38,14865,53,,,14868,38,14869,53,,,14867,-4237.5
2,15700,PINA_COLADAS,14866,88,,,,,14869,38,14870,50,,,14867.5,-4492
2,15800,PINA_COLADAS,14867,99,,,,,14870,99,,,,,14868.5,-4681
2,15900,PINA_COLADAS,14865,90,,,,,14868,90,,,,,14866.5,-4181
2,16000,PINA_COLADAS,14862,97,,,,,14865,97,,,,,14863.5,-3320.5
2,16100,PINA_COLADAS,14863,80,,,,,14864,6,14866,28,14867,52,14863.5,-3649.5
2,16200,PINA_COLADAS,14862,26,14861,60,,,14865,86,,,,,14863.5,-3178.5
2,16300,PINA_COLADAS,14862,95,,,,,14865,95,,,,,14863.5,-3209
2,16400,PINA_COLADAS,14866,104,,,,,14869,104,,,,,14867.5,-4370
2,16500,PINA_COLADAS,14867,93,,,,,14870,93,,,,,14868.5,-4638.5
2,16600,PINA_COLADAS,14868,28,14867,84,,,14870,84,,,,,14869,-4750.5
2,16700,PINA_COLADAS,14869,23,14868,59,,,14872,82,,,,,14870.5,-5146.5
2,16800,PINA_COLADAS,14866,32,14865,94,,,14868,94,,,,,14867,-4098.5
2,16900,PINA_COLADAS,14863,50,,,,,14864,13,14866,27,14867,50,14863.5,-3678.5
2,17000,PINA_COLADAS,14865,95,,,,,14868,95,,,,,14866.5,-4051
2,17100,PINA_COLADAS,14863,106,,,,,14866,106,,,,,14864.5,-3539.5
2,17200,PINA_COLADAS,14864,92,,,,,14867,92,,,,,14865.5,-3779
2,17300,PINA_COLADAS,14866,20,14865,54,,,14868,20,14869,54,,,14867,-4270.5
2,17400,PINA_COLADAS,14864,32,14863,75,,,14866,32,14867,75,,,14865,-3685
2,17500,PINA_COLADAS,14865,95,,,,,14868,95,,,,,14866.5,-4033
2,17600,PINA_COLADAS,14864,88,,,,,14867,88,,,,,14865.5,-3823
2,17700,PINA_COLADAS,14864,29,14863,73,,,14866,29,14867,73,,,14865,-3675
2,17800,PINA_COLADAS,14865,84,,,,,14868,84,,,,,14866.5,-4173.5
2,17900,PINA_COLADAS,14868,108,,,,,14871,108,,,,,14869.5,-4930
2,18000,PINA_COLADAS,14871,103,,,,,14874,103,,,,,14872.5,-5806.5
2,18100,PINA_COLADAS,14872,40,14871,63,,,14874,20,14875,63,,,14873,-5958.5
2,18200,PINA_COLADAS,14872,30,14871,56,,,14875,86,,,,,14873.5,-5995
2,18300,PINA_COLADAS,14872,73,,,,,14875,73,,,,,14873.5,-6108
2,18400,PINA_COLADAS,14868,38,14867,71,,,14870,38,14871,71,,,14869,-4825
2,18500,PINA_COLADAS,14862,100,,,,,14865,100,,,,,14863.5,-3320.5
2,18600,PINA_COLADAS,14865,29,14864,74,,,14867,29,14868,74,,,14866,-3974.5
2,18700,PINA_COLADAS,14862,92,,,,,14865,92,,,,,14863.5,-3234.5
2,18800,PINA_COLADAS,14862,86,,,,,14865,86,,,,,14863.5,-3202
2,18900,PINA_COLADAS,14864,20,14863,66,,,14867,86,,,,,14865.5,-3748
2,19000,PINA_COLADAS,14867,30,14866,21,14865,69,14869,90,,,,,14868,-4295
2,19100,PINA_COLADAS,14867,30,14866,59,,,14870,89,,,,,14868.5,-4596.5
2,19200,PINA_COLADAS,14865,114,,,,,14866,21,14868,114,,,14865.5,-4181.5
2,19300,PINA_COLADAS,14868,108,,,,,14871,108,,,,,14869.5,-4926.5
2,19400,PINA_COLADAS,14866,30,14865,68,,,14868,30,14869,68,,,14867,-4246.5
2,19500,PINA_COLADAS,14866,101,,,,,14869,101,,,,,14867.5,-4397.5
2,19600,PINA_COLADAS,14863,88,,,,,14866,88,,,,,14864.5,-3480
2,19700,PINA_COLADAS,14863,95,,,,,14866,95,,,,,14864.5,-3619.5
2,19800,PINA_COLADAS,14861,81,,,,,14864,81,,,,,14862.5,-2911.5
2,19900,PINA_COLADAS,14863,27,14862,52,,,14865,27,14866,52,,,14864,-3386.5
2,20000,PINA_COLADAS,14860,103,,,,,14863,103,,,,,14861.5,-2732.5
2,20100,PINA_COLADAS,14860,95,,,,,14863,95,,,,,14861.5,-2791.5
2,20200,PINA_COLADAS,14862,39,14861,74,,,14863,34,14865,113,,,14862.5,-3183
2,20300,PINA_COLADAS,14863,90,,,,,14866,90,,,,,14864.5,-3475.5
2,20400,PINA_COLADAS,14863,78,,,,,14866,78,,,,,14864.5,-3582
2,20500,PINA_COLADAS,14863,20,14862,71,,,14865,20,14866,71,,,14864,-3411.5
2,20600,PINA_COLADAS,14863,92,,,,,14866,92,,,,,14864.5,-3534.5
2,20700,PINA_COLADAS,14861,89,,,,,14864,89,,,,,14862.5,-3026
2,20800,PINA_COLADAS,14861,109,,,,,14864,109,,,,,14862.5,-2997.5
2,20900,PINA_COLADAS,14861,85,,,,,14862,37,14864,85,,,14861.5,-2960.5
2,21000,PINA_COLADAS,14862,93,,,,,14865,93,,,,,14863.5,-3333.5
2,21100,PINA_COLADAS,14863,109,,,,,14866,109,,,,,14864.5,-3579
2,21200,PINA_COLADAS,14862,20,14861,87,,,14864,87,,,,,14863,-3069
2,21300,PINA_COLADAS,14862,103,,,,,14865,103,,,,,14863.5,-3251
2,21400,PINA_COLADAS,14861,29,14860,50,,,14864,79,,,,,14862.5,-2886.5
2,21500,PINA_COLADAS,14860,84,,,,,14863,84,,,,,14861.5,-2669.5
2,21600,PINA_COLADAS,14861,93,,,,,14864,93,,,,,14862.5,-3027.5
2,21700,PINA_COLADAS,14864,85,,,,,14867,85,,,,,14865.5,-3874.5
2,21800,PINA_COLADAS,14867,34,14866,69,,,14869,34,14870,69,,,14868,-4569
2,21900,PINA_COLADAS,14869,85,,,,,14872,85,,,,,14870.5,-5322
2,22000,PINA_COLADAS,14870,25,14869,50,,,14873,75,,,,,14871.5,-5434.5
2,22100,PINA_COLADAS,14868,76,,,,,14871,76,,,,,14869.5,-4957.5
2,22200,PINA_COLADAS,14867,28,14866,98,,,14869,98,,,,,14868,-4416
2,22300,PINA_COLADAS,14869,32,14868,105,,,14871,105,,,,,14870,-5007
2,22400,PINA_COLADAS,14873,89,,,,,14876,20,14877,69,,,14874.5,-6481
2,22500,PINA_COLADAS,14873,34,14872,52,,,14875,34,14876,52,,,14874,-6245
2,22600,PINA_COLADAS,14873,111,,,,,14876,111,,,,,14874.5,-6308.5
2,22700,PINA_COLADAS,14875,28,14874,63,,,14878,91,,,,,14876.5,-6844.5
2,22800,PINA_COLADAS,14874,100,,,,,14877,100,,,,,14875.5,-6626.5
2,22900,PINA_COLADAS,14876,85,,,,,14879,85,,,,,14877.5,-7266
2,23000,PINA_COLADAS,14878,99,,,,,14881,99,,,,,14879.5,-7726.5
2,23100,PINA_COLADAS,14876,89,,,,,14879,33,14880,56,,,14877.5,-7329
2,23200,PINA_COLADAS,14876,83,,,,,14879,83,,,,,14877.5,-7149.5
2,23300,PINA_COLADAS,14875,93,,,,,14878,93,,,,,14876.5,-6876
2,23400,PINA_COLADAS,14873,91,,,,,14876,91,,,,,14874.5,-6315
2,23500,PINA_COLADAS,14871,90,,,,,14874,90,,,,,14872.5,-5901.5
2,23600,PINA_COLADAS,14874,28,14873,63,,,14876,28,14877,63,,,14875,-6502
2,23700,PINA_COLADAS,14870,91,,,,,14873,91,,,,,14871.5,-5554.5
2,23800,PINA_COLADAS,14874,100,,,,,14875,33,14877,100,,,14874.5,-6725.5
2,23900,PINA_COLADAS,14871,89,,,,,14874,89,,,,,14872.5,-5896
2,24000,PINA_COLADAS,14869,27,14868,66,,,14871,27,14872,66,,,14870,-5092
2,24100,PINA_COLADAS,14870,97,,,,,14873,97,,,,,14871.5,-5552.5
2,24200,PINA_COLADAS,14869,96,,,,,14872,35,14873,61,,,14870.5,-5358
2,24300,PINA_COLADAS,14869,30,14868,50,,,14871,30,14872,50,,,14870,-5092
2,24400,PINA_COLADAS,14875,98,,,,,14878,98,,,,,14876.5,-6893.5
2,24500,PINA_COLADAS,14870,36,14869,75,,,14873,111,,,,,14871.5,-5444.5
2,24600,PINA_COLADAS,14871,32,14870,63,,,14873,32,14874,63,,,14872,-5647.5
2,24700,PINA_COLADAS,14871,30,14870,73,,,14873,30,14874,73,,,14872,-5678
2,24800,PINA_COLADAS,14871,94,,,,,14874,94,,,,,14872.5,-5770
2,24900,PINA_COLADAS,14870,91,,,,,14873,91,,,,,14871.5,-5612.5
2,25000,PINA_COLADAS,14873,91,,,,,14876,91,,,,,14874.5,-6352
2,25100,PINA_COLADAS,14871,93,,,,,14874,93,,,,,14872.5,-5839.5
2,25200,PINA_COLADAS,14871,24,14870,64,,,14873,24,14874,64,,,14872,-5667.5
2,25300,PINA_COLADAS,14873,11,14871,95,,,14874,95,,,,,14873.5,-5893
2,25400,PINA_COLADAS,14870,36,14869,64,,,14872,36,14873,64,,,14871,-5368
2,25500,PINA_COLADAS,14874,97,,,,,14877,97,,,,,14875.5,-6731.5
2,25600,PINA_COLADAS,14872,40,14871,58,,,14874,40,14875,58,,,14873,-5933.5
2,25700,PINA_COLADAS,14872,96,,,,,14875,96,,,,,14873.5,-6143
2,25800,PINA_COLADAS,14872,93,,,,,14875,39,14876,54,,,14873.5,-6198
2,25900,PINA_COLADAS,14874,82,,,,,14877,82,,,,,14875.5,-6670.5
2,26000,PINA_COLADAS,14877,38,14876,109,,,14879,109,,,,,14878,-7171.5
2,26100,PINA_COLADAS,14875,82,,,,,14878,24,14879,58,,,14876.5,-7050.5
2,26200,PINA_COLADAS,14873,111,,,,,14876,111,,,,,14874.5,-6433
2,26300,PINA_COLADAS,14873,79,,,,,14876,79,,,,,14874.5,-6380
2,26400,PINA_COLADAS,14869,95,,,,,14872,95,,,,,14870.5,-5262
2,26500,PINA_COLADAS,14869,20,14868,71,,,14871,20,14872,71,,,14870,-5104
2,26600,PINA_COLADAS,14870,102,,,,,14873,40,14874,62,,,14871.5,-5644.5
2,26700,PINA_COLADAS,14870,33,14869,50,,,14872,33,14873,50,,,14871,-5413.5
2,26800,PINA_COLADAS,14869,24,14868,63,,,14871,24,14872,63,,,14870,-5134.5
2,26900,PINA_COLADAS,14868,39,14867,63,,,14871,102,,,,,14869.5,-4869.5
2,27000,PINA_COLADAS,14868,93,,,,,14871,21,14872,72,,,14869.5,-5073
2,27100,PINA_COLADAS,14870,27,14869,53,,,14872,27,14873,53,,,14871,-5419
2,27200,PINA_COLADAS,14869,38,14868,64,,,14871,38,14872,64,,,14870,-5082.5
2,27300,PINA_COLADAS,14867,88,,,,,14870,88,,,,,14868.5,-4667.5
2,27400,PINA_COLADAS,14870,36,14869,64,,,14872,36,14873,64,,,14871,-5400.5
2,27500,PINA_COLADAS,14870,85,,,,,14873,85,,,,,14871.5,-5451
2,27600,PINA_COLADAS,14869,106,,,,,14870,30,14872,106,,,14869.5,-5295.5
2,27700,PINA_COLADAS,14869,96,,,,,14872,96,,,,,14870.5,-5256
2,27800,PINA_COLADAS,14868,86,,,,,14871,86,,,,,14869.5,-5029
2,27900,PINA_COLADAS,14872,26,14871,50,,,14875,76,,,,,14873.5,-6003.5
2,28000,PINA_COLADAS,14871,103,,,,,14874,32,14875,71,,,14872.5,-5919.5
2,28100,PINA_COLADAS,14870,38,14869,67,,,14873,105,,,,,14871.5,-5446.5
2,28200,PINA_COLADAS,14869,36,14868,54,,,14872,90,,,,,14870.5,-5152
2,28300,PINA_COLADAS,14864,23,14863,64,,,14866,23,14867,64,,,14865,-3682
2,28400,PINA_COLADAS,14864,110,,,,,14865,20,14867,110,,,14864.5,-3759.5
2,28500,PINA_COLADAS,14863,64,14862,75,,,14865,28,14866,75,,,14864,-3402
2,28600,PINA_COLADAS,14862,38,14861,73,,,14865,111,,,,,14863.5,-3162.5
2,28700,PINA_COLADAS,14864,22,14863,67,,,14866,22,14867,67,,,14865,-3689.5
2,28800,PINA_COLADAS,14868,73,,,,,14869,3,14871,35,14872,73,14868.5,-5083
2,28900,PINA_COLADAS,14872,96,,,,,14875,27,14876,69,,,14873.5,-6211.5
2,29000,PINA_COLADAS,14872,20,14871,65,,,14874,20,14875,65,,,14873,-5956
2,29100,PINA_COLADAS,14876,76,,,,,14879,76,,,,,14877.5,-7179
2,29200,PINA_COLADAS,14876,24,14875,60,,,14878,24,14879,60,,,14877,-7076.5
2,29300,PINA_COLADAS,14876,112,,,,,14879,38,14880,74,,,14877.5,-7324
2,29400,PINA_COLADAS,14877,30,14876,68,,,14879,30,14880,68,,,14878,-7396.5
2,29500,PINA_COLADAS,14879,30,14878,68,,,14881,30,14882,68,,,14880,-7955.5
2,29600,PINA_COLADAS,14883,87,,,,,14886,87,,,,,14884.5,-9140
2,29700,PINA_COLADAS,14883,106,,,,,14886,33,14887,73,,,14884.5,-9311
2,29800,PINA_COLADAS,14884,73,,,,,14887,73,,,,,14885.5,-9585
2,29900,PINA_COLADAS,14883,86,,,,,14886,86,,,,,14884.5,-9231.5
2,30000,PINA_COLADAS,14883,39,14882,71,,,14884,22,14885,39,14886,71,14883.5,-9103
2,30100,PINA_COLADAS,14884,86,,,,,14887,86,,,,,14885.5,-9560
2,30200,PINA_COLADAS,14886,20,14885,67,,,14889,87,,,,,14887.5,-9955
2,30300,PINA_COLADAS,14889,38,14888,61,,,14891,38,14892,61,,,14890,-10784
2,30400,PINA_COLADAS,14887,84,,,,,14890,27,14891,57,,,14888.5,-10454.5
2,30500,PINA_COLADAS,14885,12,14883,89,,,14886,89,,,,,14885.5,-9228.5
2,30600,PINA_COLADAS,14883,105,,,,,14886,105,,,,,14884.5,-9231.5
2,30700,PINA_COLADAS,14885,93,,,,,14888,93,,,,,14886.5,-9837.5
2,30800,PINA_COLADAS,14883,101,,,,,14886,101,,,,,14884.5,-9172.5
2,30900,PINA_COLADAS,14888,79,,,,,14891,79,,,,,14889.5,-10703.5
2,31000,PINA_COLADAS,14888,100,,,,,14891,100,,,,,14889.5,-10683.5
2,31100,PINA_COLADAS,14889,75,,,,,14892,75,,,,,14890.5,-10863.5
2,31200,PINA_COLADAS,14888,79,,,,,14891,79,,,,,14889.5,-10553
2,31300,PINA_COLADAS,14884,24,14883,60,,,14886,24,14887,60,,,14885,-9384.5
2,31400,PINA_COLADAS,14883,96,,,,,14886,96,,,,,14884.5,-9268.5
2,31500,PINA_COLADAS,14885,100,,,,,14888,100,,,,,14886.5,-9735.5
2,31600,PINA_COLADAS,14882,88,,,,,14885,88,,,,,14883.5,-9019
2,31700,PINA_COLADAS,14882,89,,,,,14885,89,,,,,14883.5,-8856
2,31800,PINA_COLADAS,14885,30,14884,100,,,14887,100,,,,,14886,-9460.5
2,31900,PINA_COLADAS,14886,102,,,,,14889,102,,,,,14887.5,-9999
2,32000,PINA_COLADAS,14884,104,,,,,14885,27,14887,104,,,14884.5,-9432.5
2,32100,PINA_COLADAS,14881,38,14880,74,,,14883,38,14884,74,,,14882,-8495.5
2,32200,PINA_COLADAS,14882,23,14881,70,,,14884,23,14885,70,,,14883,-8810.5
2,32300,PINA_COLADAS,14882,69,14881,51,,,14884,37,14885,51,,,14883,-8762
2,32400,PINA_COLADAS,14882,38,14881,76,,,14884,76,,,,,14883,-8593.5
2,32500,PINA_COLADAS,14880,80,,,,,14883,80,,,,,14881.5,-8418
2,32600,PINA_COLADAS,14882,110,,,,,14885,110,,,,,14883.5,-8884
2,32700,PINA_COLADAS,14885,27,14884,62,,,14887,27,14888,62,,,14886,-9646
2,32800,PINA_COLADAS,14882,111,,,,,14885,111,,,,,14883.5,-8931
2,32900,PINA_COLADAS,14883,38,14882,61,,,14885,38,14886,61,,,14884,-9097
2,33000,PINA_COLADAS,14882,100,,,,,14885,100,,,,,14883.5,-8906.5
2,33100,PINA_COLADAS,14883,30,14882,65,,,14885,30,14886,65,,,14884,-9056.5
2,33200,PINA_COLADAS,14883,24,14882,91,,,14885,91,,,,,14884,-8872.5
2,33300,PINA_COLADAS,14886,23,14885,104,,,14888,104,,,,,14887,-9740.5
2,33400,PINA_COLADAS,14884,85,,,,,14887,22,14888,63,,,14885.5,-9606.5
2,33500,PINA_COLADAS,14889,84,,,,,14892,84,,,,,14890.5,-10877.5
2,33600,PINA_COLADAS,14891,20,14890,73,,,14893,20,14894,73,,,14892,-11337
2,33700,PINA_COLADAS,14889,23,14888,52,,,14891,23,14892,52,,,14890,-10756.5
2,33800,PINA_COLADAS,14890,97,,,,,14893,97,,,,,14891.5,-11235.5
2,33900,PINA_COLADAS,14890,87,,,,,14893,30,14894,57,,,14891.5,-11306
2,34000,PINA_COLADAS,14890,33,14889,53,,,14892,33,14893,53,,,14891,-11027.5
2,34100,PINA_COLADAS,14888,96,,,,,14891,96,,,,,14889.5,-10656.5
2,34200,PINA_COLADAS,14888,25,14887,60,,,14890,25,14891,60,,,14889,-10477.5
2,34300,PINA_COLADAS,14888,98,,,,,14891,98,,,,,14889.5,-10602.5
2,34400,PINA_COLADAS,14890,30,14889,88,,,14892,88,,,,,14891,-10852.5
2,34500,PINA_COLADAS,14890,109,,,,,14893,109,,,,,14891.5,-11249
2,34600,PINA_COLADAS,14888,21,14887,58,,,14890,21,14891,58,,,14889,-10503
2,34700,PINA_COLADAS,14887,77,,,,,14890,77,,,,,14888.5,-10328.5
2,34800,PINA_COLADAS,14890,29,14889,88,,,14892,88,,,,,14891,-10969.5
2,34900,PINA_COLADAS,14892,30,14891,81,,,14894,81,,,,,14893,-11435.5
2,35000,PINA_COLADAS,14888,104,,,,,14891,104,,,,,14889.5,-10699.5
2,35100,PINA_COLADAS,14889,91,,,,,14892,91,,,,,14890.5,-10983.5
2,35200,PINA_COLADAS,14892,88,,,,,14895,88,,,,,14893.5,-11775
2,35300,PINA_COLADAS,14889,93,,,,,14892,93,,,,,14890.5,-10975
2,35400,PINA_COLADAS,14886,80,,,,,14889,30,14890,50,,,14887.5,-10174
2,35500,PINA_COLADAS,14887,75,,,,,14890,75,,,,,14888.5,-10259
2,35600,PINA_COLADAS,14890,24,14889,69,,,14892,24,14893,69,,,14891,-11041.5
2,35700,PINA_COLADAS,14887,85,,,,,14890,85,,,,,14888.5,-10271.5
2,35800,PINA_COLADAS,14890,102,,,,,14893,28,14894,74,,,14891.5,-11288.5
2,35900,PINA_COLADAS,14894,89,,,,,14897,89,,,,,14895.5,-12336.5
2,36000,PINA_COLADAS,14898,21,14897,60,,,14901,81,,,,,14899.5,-13354
2,36100,PINA_COLADAS,14897,111,,,,,14900,111,,,,,14898.5,-13202
2,36200,PINA_COLADAS,14896,104,,,,,14899,29,14900,75,,,14897.5,-12981.5
2,36300,PINA_COLADAS,14891,83,,,,,14894,83,,,,,14892.5,-11543.5
2,36400,PINA_COLADAS,14889,96,,,,,14892,96,,,,,14890.5,-10889.5
2,36500,PINA_COLADAS,14893,39,14892,53,,,14896,92,,,,,14894.5,-11954.5
2,36600,PINA_COLADAS,14892,85,,,,,14895,85,,,,,14893.5,-11832
2,36700,PINA_COLADAS,14891,94,,,,,14894,94,,,,,14892.5,-11466
2,36800,PINA_COLADAS,14890,32,14889,62,,,14892,32,14893,62,,,14891,-11073.5
2,36900,PINA_COLADAS,14893,100,,,,,14896,100,,,,,14894.5,-12037
2,37000,PINA_COLADAS,14894,108,,,,,14897,108,,,,,14895.5,-12398
2,37100,PINA_COLADAS,14893,81,,,,,14896,81,,,,,14894.5,-12030
2,37200,PINA_COLADAS,14891,86,,,,,14894,86,,,,,14892.5,-11430.5
2,37300,PINA_COLADAS,14889,85,,,,,14892,85,,,,,14890.5,-10913.5
2,37400,PINA_COLADAS,14889,83,,,,,14892,83,,,,,14890.5,-10896
2,37500,PINA_COLADAS,14890,99,,,,,14893,99,,,,,14891.5,-11252.5
2,37600,PINA_COLADAS,14888,3,14887,71,,,14890,30,14891,71,,,14889,-10467.5
2,37700,PINA_COLADAS,14889,32,14888,60,,,14890,22,14892,92,,,14889.5,-10811.5
2,37800,PINA_COLADAS,14892,74,,,,,14895,74,,,,,14893.5,-11760
2,37900,PINA_COLADAS,14893,79,,,,,14896,79,,,,,14894.5,-11962.5
2,38000,PINA_COLADAS,14895,29,14894,56,,,14897,29,14898,56,,,14896,-12481.5
2,38100,PINA_COLADAS,14893,102,,,,,14896,102,,,,,14894.5,-12002
2,38200,PINA_COLADAS,14893,77,,,,,14894,26,14896,77,,,14893.5,-12124.5
2,38300,PINA_COLADAS,14893,84,,,,,14896,84,,,,,14894.5,-12104
2,38400,PINA_COLADAS,14891,86,,,,,14894,86,,,,,14892.5,-11493
2,38500,PINA_COLADAS,14890,104,,,,,14893,104,,,,,14891.5,-11213
2,38600,PINA_COLADAS,14890,93,,,,,14893,93,,,,,14891.5,-11185.5
2,38700,PINA_COLADAS,14888,87,,,,,14891,87,,,,,14889.5,-10668
2,38800,PINA_COLADAS,14885,105,,,,,14888,105,,,,,14886.5,-9761
2,38900,PINA_COLADAS,14889,31,14888,59,,,14891,31,14892,59,,,14890,-10780.5
2,39000,PINA_COLADAS,14888,91,,,,,14891,91,,,,,14889.5,-10552
2,39100,PINA_COLADAS,14886,89,,,,,14889,89,,,,,14887.5,-10051
2,39200,PINA_COLADAS,14883,100,,,,,14886,100,,,,,14884.5,-9131.5
2,39300,PINA_COLADAS,14884,90,,,,,14887,90,,,,,14885.5,-9572
2,39400,PINA_COLADAS,14883,105,,,,,14886,36,14887,69,,,14884.5,-9312
2,39500,PINA_COLADAS,14884,98,,,,,14887,98,,,,,14885.5,-9512.5
2,39600,PINA_COLADAS,14885,84,,,,,14888,84,,,,,14886.5,-9771
2,39700,PINA_COLADAS,14887,28,14886,74,,,14890,102,,,,,14888.5,-10238
2,39800,PINA_COLADAS,14887,66,14886,68,,,14889,31,14890,68,,,14888,-10177
2,39900,PINA_COLADAS,14882,86,,,,,14885,86,,,,,14883.5,-8872
2,40000,PINA_COLADAS,14879,32,14878,54,,,14881,32,14882,54,,,14880,-7943.5
2,40100,PINA_COLADAS,14880,90,,,,,14881,32,14883,90,,,14880.5,-8353.5
2,40200,PINA_COLADAS,14880,91,,,,,14883,91,,,,,14881.5,-8366.5
2,40300,PINA_COLADAS,14878,38,14877,65,,,14880,38,14881,65,,,14879,-7678.5
2,40400,PINA_COLADAS,14878,37,14877,63,,,14880,37,14881,63,,,14879,-7687.5
2,40500,PINA_COLADAS,14879,94,,,,,14882,94,,,,,14880.5,-7996.5
2,40600,PINA_COLADAS,14877,36,14876,70,,,14879,36,14880,70,,,14878,-7368
2,40700,PINA_COLADAS,14875,98,,,,,14878,98,,,,,14876.5,-7000
2,40800,PINA_COLADAS,14877,109,,,,,14880,109,,,,,14878.5,-7477.5
2,40900,PINA_COLADAS,14873,34,14872,57,,,14875,34,14876,57,,,14874,-6247
2,41000,PINA_COLADAS,14874,36,14873,51,,,14876,36,14877,51,,,14875,-6539
2,41100,PINA_COLADAS,14878,104,,,,,14881,104,,,,,14879.5,-7766.5
2,41200,PINA_COLADAS,14879,76,,,,,14882,76,,,,,14880.5,-8153
2,41300,PINA_COLADAS,14881,94,,,,,14884,24,14885,70,,,14882.5,-8748.5
2,41400,PINA_COLADAS,14879,85,,,,,14882,85,,,,,14880.5,-8160.5
2,41500,PINA_COLADAS,14881,31,14880,71,,,14883,31,14884,71,,,14882,-8534
2,41600,PINA_COLADAS,14883,23,14882,52,,,14885,23,14886,52,,,14884,-9046
2,41700,PINA_COLADAS,14883,39,14882,27,14881,64,14884,27,14885,64,,,14883.5,-8818
2,41800,PINA_COLADAS,14882,90,,,,,14885,90,,,,,14883.5,-8977
2,41900,PINA_COLADAS,14880,102,,,,,14883,102,,,,,14881.5,-8404
2,42000,PINA_COLADAS,14883,36,14882,65,,,14885,36,14886,65,,,14884,-9060.5
2,42100,PINA_COLADAS,14883,98,,,,,14886,98,,,,,14884.5,-9235
2,42200,PINA_COLADAS,14885,25,14884,65,,,14887,25,14888,65,,,14886,-9654
2,42300,PINA_COLADAS,14885,95,,,,,14888,95,,,,,14886.5,-9789.5
2,42400,PINA_COLADAS,14886,97,,,,,14889,97,,,,,14887.5,-10008.5
2,42500,PINA_COLADAS,14888,79,,,,,14889,22,14891,79,,,14888.5,-10628.5
2,42600,PINA_COLADAS,14887,91,,,,,14890,91,,,,,14888.5,-10259.5
2,42700,PINA_COLADAS,14888,100,,,,,14891,100,,,,,14889.5,-10657.5
2,42800,PINA_COLADAS,14885,94,,,,,14888,94,,,,,14886.5,-9847.5
2,42900,PINA_COLADAS,14885,30,14884,59,,,14887,30,14888,59,,,14886,-9630
2,43000,PINA_COLADAS,14883,84,,,,,14886,84,,,,,14884.5,-9205.5
2,43100,PINA_COLADAS,14881,92,,,,,14884,92,,,,,14882.5,-8573.5
2,43200,PINA_COLADAS,14878,78,,,,,14881,78,,,,,14879.5,-7813
2,43300,PINA_COLADAS,14873,35,14872,74,,,14875,74,,,,,14874,-6148
2,43400,PINA_COLADAS,14873,20,14872,52,,,14875,20,14876,52,,,14874,-6249.5
2,43500,PINA_COLADAS,14870,87,,,,,14873,87,,,,,14871.5,-5544.5
2,43600,PINA_COLADAS,14872,103,,,,,14875,103,,,,,14873.5,-6132
2,43700,PINA_COLADAS,14875,34,14874,64,,,14877,34,14878,64,,,14876,-6800
2,43800,PINA_COLADAS,14877,30,14876,67,,,14880,97,,,,,14878.5,-7408.5
2,43900,PINA_COLADAS,14877,80,,,,,14880,80,,,,,14878.5,-7434.5
2,44000,PINA_COLADAS,14879,94,,,,,14882,94,,,,,14880.5,-8090
2,44100,PINA_COLADAS,14886,32,14885,74,,,14888,32,14889,74,,,14887,-9896.5
2,44200,PINA_COLADAS,14886,24,14885,68,,,14889,92,,,,,14887.5,-9970
2,44300,PINA_COLADAS,14884,54,14883,70,,,14886,28,14887,70,,,14885,-9353.5
2,44400,PINA_COLADAS,14883,99,,,,,14886,99,,,,,14884.5,-9229.5
2,44500,PINA_COLADAS,14883,92,,,,,14884,38,14886,25,14887,67,14883.5,-9309.5
2,44600,PINA_COLADAS,14884,98,,,,,14887,98,,,,,14885.5,-9563.5
2,44700,PINA_COLADAS,14888,34,14887,59,,,14891,93,,,,,14889.5,-10522.5
2,44800,PINA_COLADAS,14887,81,,,,,14890,81,,,,,14888.5,-10308.5
2,44900,PINA_COLADAS,14886,90,,,,,14889,90,,,,,14887.5,-10119
2,45000,PINA_COLADAS,14888,23,14887,50,,,14891,73,,,,,14889.5,-10541
2,45100,PINA_COLADAS,14889,106,,,,,14892,106,,,,,14890.5,-10984.5
2,45200,PINA_COLADAS,14889,74,,,,,14892,20,14893,54,,,14890.5,-11019.5
2,45300,PINA_COLADAS,14886,28,14885,83,,,14888,83,,,,,14887,-9740
2,45400,PINA_COLADAS,14890,96,,,,,14893,96,,,,,14891.5,-11250
2,45500,PINA_COLADAS,14892,31,14891,70,,,14894,31,14895,70,,,14893,-11598.5
2,45600,PINA_COLADAS,14892,97,,,,,14895,97,,,,,14893.5,-11674
2,45700,PINA_COLADAS,14895,28,14894,68,,,14897,28,14898,68,,,14896,-12455
2,45800,PINA_COLADAS,14895,97,,,,,14898,97,,,,,14896.5,-12620
2,45900,PINA_COLADAS,14893,100,,,,,14896,100,,,,,14894.5,-12012.5
2,46000,PINA_COLADAS,14896,93,,,,,14899,93,,,,,14897.5,-12911.5
2,46100,PINA_COLADAS,14899,24,14898,106,,,14901,106,,,,,14900,-13387
2,46200,PINA_COLADAS,14894,93,,,,,14897,93,,,,,14895.5,-12242
2,46300,PINA_COLADAS,14893,98,,,,,14896,98,,,,,14894.5,-12004.5
2,46400,PINA_COLADAS,14893,103,,,,,14896,103,,,,,14894.5,-11987.5
2,46500,PINA_COLADAS,14894,37,14893,65,,,14897,102,,,,,14895.5,-12237
2,46600,PINA_COLADAS,14896,25,14895,82,,,14898,21,14899,61,,,14897,-12715
2,46700,PINA_COLADAS,14895,93,,,,,14898,93,,,,,14896.5,-12677.5
2,46800,PINA_COLADAS,14894,76,,,,,14897,24,14898,52,,,14895.5,-12420.5
2,46900,PINA_COLADAS,14895,87,,,,,14898,87,,,,,14896.5,-12692.5
2,47000,PINA_COLADAS,14893,88,,,,,14896,88,,,,,14894.5,-12078
2,47100,PINA_COLADAS,14892,85,,,,,14895,85,,,,,14893.5,-11703
2,47200,PINA_COLADAS,14893,93,,,,,14896,93,,,,,14894.5,-11989
2,47300,PINA_COLADAS,14891,81,,,,,14892,34,14894,81,,,14891.5,-11421.5
2,47400,PINA_COLADAS,14893,106,,,,,14896,106,,,,,14894.5,-11995
2,47500,PINA_COLADAS,14887,74,,,,,14890,21,14891,53,,,14888.5,-10448
2,47600,PINA_COLADAS,14886,99,,,,,14889,99,,,,,14887.5,-9985.5
2,47700,PINA_COLADAS,14886,77,,,,,14889,26,14890,51,,,14887.5,-10162.5
2,47800,PINA_COLADAS,14885,74,,,,,14888,74,,,,,14886.5,-9719.5
2,47900,PINA_COLADAS,14886,22,14885,26,14884,69,14887,26,14888,69,,,14886.5,-9657
2,48000,PINA_COLADAS,14883,38,14882,61,,,14885,38,14886,61,,,14884,-9045.5
2,48100,PINA_COLADAS,14883,73,,,,,14886,73,,,,,14884.5,-9287
2,48200,PINA_COLADAS,14885,98,,,,,14888,98,,,,,14886.5,-9778.5
2,48300,PINA_COLADAS,14885,90,,,,,14888,90,,,,,14886.5,-9706.5
2,48400,PINA_COLADAS,14887,75,,,,,14888,38,14890,24,14891,51,14887.5,-10455
2,48500,PINA_COLADAS,14889,24,14888,52,,,14891,24,14892,52,,,14890,-10790.5
2,48600,PINA_COLADAS,14890,36,14889,60,,,14892,36,14893,60,,,14891,-11057.5
2,48700,PINA_COLADAS,14886,83,,,,,14889,83,,,,,14887.5,-9994.5
2,48800,PINA_COLADAS,14886,25,14885,74,,,14888,25,14889,74,,,14887,-9933
2,48900,PINA_COLADAS,14889,33,14888,55,,,14891,33,14892,55,,,14890,-10773
2,49000,PINA_COLADAS,14890,33,14889,51,,,14893,84,,,,,14891.5,-11104.5
2,49100,PINA_COLADAS,14893,98,,,,,14896,98,,,,,14894.5,-12066
2,49200,PINA_COLADAS,14894,107,,,,,14895,25,14897,107,,,14894.5,-12354.5
2,49300,PINA_COLADAS,14895,96,,,,,14898,23,14899,73,,,14896.5,-12713
2,49400,PINA_COLADAS,14896,93,,,,,14899,93,,,,,14897.5,-12873.5
2,49500,PINA_COLADAS,14897,26,14896,107,,,14899,107,,,,,14898,-12911
2,49600,PINA_COLADAS,14897,76,,,,,14900,23,14901,53,,,14898.5,-13282
2,49700,PINA_COLADAS,14895,29,14894,54,,,14897,29,14898,54,,,14896,-12466.5
2,49800,PINA_COLADAS,14898,23,14897,60,,,14900,23,14901,60,,,14899,-13294.5
2,49900,PINA_COLADAS,14896,99,,,,,14899,99,,,,,14897.5,-12949.5
2,50000,PINA_COLADAS,14898,88,,,,,14901,88,,,,,14899.5,-13454
2,50100,PINA_COLADAS,14903,83,,,,,14906,83,,,,,14904.5,-14875
2,50200,PINA_COLADAS,14902,88,,,,,14905,88,,,,,14903.5,-14550
2,50300,PINA_COLADAS,14899,96,,,,,14900,27,14902,96,,,14899.5,-13763.5
2,50400,PINA_COLADAS,14895,89,,,,,14898,39,14899,50,,,14896.5,-12715
2,50500,PINA_COLADAS,14895,90,,,,,14898,90,,,,,14896.5,-12661
2,50600,PINA_COLADAS,14892,82,,,,,14895,82,,,,,14893.5,-11742
2,50700,PINA_COLADAS,14889,93,,,,,14892,93,,,,,14890.5,-10827.5
2,50800,PINA_COLADAS,14887,100,,,,,14890,100,,,,,14888.5,-10358.5
2,50900,PINA_COLADAS,14888,37,14887,62,,,14891,99,,,,,14889.5,-10538.5
2,51000,PINA_COLADAS,14887,103,,,,,14890,103,,,,,14888.5,-10365.5
2,51100,PINA_COLADAS,14887,9,14886,35,14885,70,14888,35,14889,70,,,14887.5,-9946
2,51200,PINA_COLADAS,14885,86,,,,,14888,86,,,,,14886.5,-9780
2,51300,PINA_COLADAS,14886,27,14885,52,,,14889,79,,,,,14887.5,-9969.5
2,51400,PINA_COLADAS,14885,90,,,,,14886,34,14888,90,,,14885.5,-9867
2,51500,PINA_COLADAS,14883,81,,,,,14886,81,,,,,14884.5,-9224
2,51600,PINA_COLADAS,14887,103,,,,,14890,103,,,,,14888.5,-10308.5
2,51700,PINA_COLADAS,14888,92,,,,,14889,22,14891,92,,,14888.5,-10636
2,51800,PINA_COLADAS,14885,99,,,,,14888,99,,,,,14886.5,-9790.5
2,51900,PINA_COLADAS,14887,89,,,,,14890,89,,,,,14888.5,-10317.5
2,52000,PINA_COLADAS,14892,39,14891,52,,,14895,91,,,,,14893.5,-11652
2,52100,PINA_COLADAS,14894,96,,,,,14897,96,,,,,14895.5,-12363.5
2,52200,PINA_COLADAS,14897,91,,,,,14900,91,,,,,14898.5,-13093
2,52300,PINA_COLADAS,14894,81,,,,,14897,81,,,,,14895.5,-12296.5
2,52400,PINA_COLADAS,14891,90,,,,,14894,90,,,,,14892.5,-11422.5
2,52500,PINA_COLADAS,14890,108,,,,,14893,108,,,,,14891.5,-11245
2,52600,PINA_COLADAS,14886,27,14885,71,,,14888,27,14889,71,,,14887,-9915.5
2,52700,PINA_COLADAS,14884,105,,,,,14887,105,,,,,14885.5,-9489
2,52800,PINA_COLADAS,14885,40,14884,74,,,14887,74,,,,,14886,-9494.5
2,52900,PINA_COLADAS,14880,111,,,,,14883,111,,,,,14881.5,-8387.5
2,53000,PINA_COLADAS,14879,27,14878,69,,,14881,27,14882,69,,,14880,-7922
2,53100,PINA_COLADAS,14879,92,,,,,14880,25,14882,39,14883,53,14879.5,-8190.5
2,53200,PINA_COLADAS,14878,81,,,,,14881,81,,,,,14879.5,-7741
2,53300,PINA_COLADAS,14876,98,,,,,14879,98,,,,,14877.5,-7255
2,53400,PINA_COLADAS,14879,30,14878,51,,,14882,81,,,,,14880.5,-7978.5
2,53500,PINA_COLADAS,14879,37,14878,64,,,14881,37,14882,64,,,14880,-7952.5
2,53600,PINA_COLADAS,14878,86,,,,,14881,86,,,,,14879.5,-7741
2,53700,PINA_COLADAS,14881,109,,,,,14884,109,,,,,14882.5,-8704.5
2,53800,PINA_COLADAS,14878,103,,,,,14881,35,14882,68,,,14879.5,-7908.5
2,53900,PINA_COLADAS,14879,21,14878,57,,,14882,78,,,,,14880.5,-7991
2,54000,PINA_COLADAS,14876,37,14875,68,,,14878,37,14879,68,,,14877,-7068
2,54100,PINA_COLADAS,14875,26,14874,66,,,14877,26,14878,66,,,14876,-6836.5
2,54200,PINA_COLADAS,14871,37,14870,64,,,14874,101,,,,,14872.5,-5708
2,54300,PINA_COLADAS,14873,92,,,,,14876,92,,,,,14874.5,-6467.5
2,54400,PINA_COLADAS,14874,31,14873,61,,,14876,31,14877,61,,,14875,-6510
2,54500,PINA_COLADAS,14875,35,14874,65,,,14878,100,,,,,14876.5,-6855.5
2,54600,PINA_COLADAS,14878,26,14877,62,,,14880,26,14881,62,,,14879,-7662
2,54700,PINA_COLADAS,14878,88,,,,,14881,88,,,,,14879.5,-7716
2,54800,PINA_COLADAS,14879,108,,,,,14882,108,,,,,14880.5,-8073.5
2,54900,PINA_COLADAS,14878,90,,,,,14881,90,,,,,14879.5,-7767
2,55000,PINA_COLADAS,14875,82,,,,,14878,82,,,,,14876.5,-6909.5
2,55100,PINA_COLADAS,14872,96,,,,,14875,37,14876,59,,,14873.5,-6201
2,55200,PINA_COLADAS,14871,92,,,,,14874,92,,,,,14872.5,-5901
2,55300,PINA_COLADAS,14874,7,14873,56,,,14876,20,14877,56,,,14875,-6542
2,55400,PINA_COLADAS,14874,38,14873,68,,,14876,38,14877,68,,,14875,-6526.5
2,55500,PINA_COLADAS,14873,34,14872,50,,,14875,34,14876,50,,,14874,-6220
2,55600,PINA_COLADAS,14875,82,,,,,14878,82,,,,,14876.5,-6965.5
2,55700,PINA_COLADAS,14874,38,14873,60,,,14876,38,14877,60,,,14875,-6498
2,55800,PINA_COLADAS,14873,102,,,,,14876,29,14877,73,,,14874.5,-6495.5
2,55900,PINA_COLADAS,14874,103,,,,,14877,103,,,,,14875.5,-6618
2,56000,PINA_COLADAS,14872,87,,,,,14875,87,,,,,14873.5,-6022.5
2,56100,PINA_COLADAS,14873,79,,,,,14876,79,,,,,14874.5,-6335
2,56200,PINA_COLADAS,14870,91,,,,,14873,91,,,,,14871.5,-5577
2,56300,PINA_COLADAS,14868,91,,,,,14871,91,,,,,14869.5,-4999
2,56400,PINA_COLADAS,14868,86,,,,,14871,86,,,,,14869.5,-4903
2,56500,PINA_COLADAS,14865,95,,,,,14868,95,,,,,14866.5,-4041
2,56600,PINA_COLADAS,14863,93,,,,,14864,9,14866,24,14867,69,14863.5,-3646
2,56700,PINA_COLADAS,14862,20,14861,57,,,14864,20,14865,57,,,14863,-3142.5
2,56800,PINA_COLADAS,14860,83,,,,,14863,83,,,,,14861.5,-2792.5
2,56900,PINA_COLADAS,14857,97,,,,,14860,97,,,,,14858.5,-1854.5
2,57000,PINA_COLADAS,14855,101,,,,,14858,101,,,,,14856.5,-1364
2,57100,PINA_COLADAS,14855,40,14854,56,,,14857,40,14858,56,,,14856,-1170.5
2,57200,PINA_COLADAS,14856,37,14855,74,,,14858,37,14859,74,,,14857,-1407
2,57300,PINA_COLADAS,14856,30,14855,55,,,14858,30,14859,55,,,14857,-1414.5
2,57400,PINA_COLADAS,14855,77,,,,,14858,77,,,,,14856.5,-1254
2,57500,PINA_COLADAS,14857,87,,,,,14860,87,,,,,14858.5,-1932.5
2,57600,PINA_COLADAS,14857,32,14856,68,,,14859,32,14860,68,,,14858,-1722
2,57700,PINA_COLADAS,14856,25,14855,51,,,14858,25,14859,51,,,14857,-1409
2,57800,PINA_COLADAS,14855,89,,,,,14858,89,,,,,14856.5,-1329
2,57900,PINA_COLADAS,14854,92,,,,,14857,92,,,,,14855.5,-1058.5
2,58000,PINA_COLADAS,14849,90,,,,,14852,90,,,,,14850.5,417
2,58100,PINA_COLADAS,14850,25,14849,74,,,14852,25,14853,74,,,14851,254.5
2,58200,PINA_COLADAS,14850,99,,,,,14853,40,14854,59,,,14851.5,28.5
2,58300,PINA_COLADAS,14848,91,,,,,14851,91,,,,,14849.5,652
2,58400,PINA_COLADAS,14847,93,,,,,14848,25,14850,93,,,14847.5,981
2,58500,PINA_COLADAS,14850,93,,,,,14853,93,,,,,14851.5,41.5
2,58600,PINA_COLADAS,14851,36,14850,63,,,14853,36,14854,63,,,14852,-15.5
2,58700,PINA_COLADAS,14851,36,14850,69,,,14853,36,14854,69,,,14852,5.5
2,58800,PINA_COLADAS,14842,37,14841,59,,,14844,37,14845,59,,,14843,2533.5
2,58900,PINA_COLADAS,14844,100,,,,,14847,100,,,,,14845.5,1880.5
2,59000,PINA_COLADAS,14845,104,,,,,14848,104,,,,,14846.5,1507.5
2,59100,PINA_COLADAS,14844,83,,,,,14847,83,,,,,14845.5,1906
2,59200,PINA_COLADAS,14846,21,14845,102,,,14848,102,,,,,14847,1621.5
2,59300,PINA_COLADAS,14847,94,,,,,14850,94,,,,,14848.5,1029.5
2,59400,PINA_COLADAS,14844,26,14843,73,,,14846,26,14847,73,,,14845,1987
2,59500,PINA_COLADAS,14841,81,,,,,14844,26,14845,55,,,14842.5,2565.5
2,59600,PINA_COLADAS,14841,78,,,,,14844,85,,,,,14842.5,2710
2,59700,PINA_COLADAS,14843,108,,,,,14846,108,,,,,14844.5,2048
2,59800,PINA_COLADAS,14841,91,,,,,14844,22,14845,69,,,14842.5,2575.5
2,59900,PINA_COLADAS,14840,78,,,,,14843,78,,,,,14841.5,3037
2,60000,PINA_COLADAS,14836,88,,,,,14839,36,14840,52,,,14837.5,3992
2,60100,PINA_COLADAS,14836,21,14835,69,,,14839,90,,,,,14837.5,4178
2,60200,PINA_COLADAS,14837,33,14836,72,,,14839,33,14840,72,,,14838,3930.5
2,60300,PINA_COLADAS,14839,86,,,,,14842,86,,,,,14840.5,3170.5
2,60400,PINA_COLADAS,14837,21,14836,65,,,14839,33,14840,65,,,14838,3931
2,60500,PINA_COLADAS,14832,95,,,,,14835,95,,,,,14833.5,5288.5
2,60600,PINA_COLADAS,14831,96,,,,,14834,96,,,,,14832.5,5572
2,60700,PINA_COLADAS,14831,95,,,,,14834,95,,,,,14832.5,5473.5
2,60800,PINA_COLADAS,14834,80,,,,,14837,80,,,,,14835.5,4734.5
2,60900,PINA_COLADAS,14835,107,,,,,14838,36,14839,71,,,14836.5,4263.5
2,61000,PINA_COLADAS,14838,109,,,,,14841,109,,,,,14839.5,3462
2,61100,PINA_COLADAS,14838,93,,,,,14841,93,,,,,14839.5,3597
2,61200,PINA_COLADAS,14837,73,,,,,14840,73,,,,,14838.5,3765.5
2,61300,PINA_COLADAS,14836,84,,,,,14839,84,,,,,14837.5,4125.5
2,61400,PINA_COLADAS,14835,78,,,,,14838,78,,,,,14836.5,4358
2,61500,PINA_COLADAS,14833,78,,,,,14836,78,,,,,14834.5,4950.5
2,61600,PINA_COLADAS,14835,21,14834,73,,,14838,94,,,,,14836.5,4476.5
2,61700,PINA_COLADAS,14836,79,,,,,14839,79,,,,,14837.5,4079.5
2,61800,PINA_COLADAS,14837,85,,,,,14840,85,,,,,14838.5,3821
2,61900,PINA_COLADAS,14839,6,14838,64,,,14841,36,14842,64,,,14840,3395.5
2,62000,PINA_COLADAS,14837,100,,,,,14840,100,,,,,14838.5,3787
2,62100,PINA_COLADAS,14836,96,,,,,14839,96,,,,,14837.5,4041
2,62200,PINA_COLADAS,14835,31,14834,66,,,14837,31,14838,66,,,14836,4494.5
2,62300,PINA_COLADAS,14836,78,,,,,14839,78,,,,,14837.5,4101.5
2,62400,PINA_COLADAS,14835,77,,,,,14838,77,,,,,14836.5,4412
2,62500,PINA_COLADAS,14835,94,,,,,14838,94,,,,,14836.5,4453.5
2,62600,PINA_COLADAS,14831,100,,,,,14834,100,,,,,14832.5,5469
2,62700,PINA_COLADAS,14829,100,,,,,14832,100,,,,,14830.5,5998.5
2,62800,PINA_COLADAS,14827,103,,,,,14830,103,,,,,14828.5,6614.5
2,62900,PINA_COLADAS,14825,106,,,,,14828,106,,,,,14826.5,7218
2,63000,PINA_COLADAS,14824,102,,,,,14827,102,,,,,14825.5,7564.5
2,63100,PINA_COLADAS,14825,101,,,,,14828,101,,,,,14826.5,7190
2,63200,PINA_COLADAS,14826,27,14825,58,,,14828,27,14829,58,,,14827,7074.5
2,63300,PINA_COLADAS,14825,74,,,,,14828,74,,,,,14826.5,7161
2,63400,PINA_COLADAS,14826,35,14825,101,,,14828,101,,,,,14827,7117.5
2,63500,PINA_COLADAS,14824,87,,,,,14827,87,,,,,14825.5,7458
2,63600,PINA_COLADAS,14826,85,,,,,14829,85,,,,,14827.5,6878.5
2,63700,PINA_COLADAS,14826,82,,,,,14827,32,14829,82,,,14826.5,6867
2,63800,PINA_COLADAS,14825,96,,,,,14828,96,,,,,14826.5,7268
2,63900,PINA_COLADAS,14825,83,,,,,14828,83,,,,,14826.5,7198
2,64000,PINA_COLADAS,14827,29,14826,55,,,14829,29,14830,55,,,14828,6784
2,64100,PINA_COLADAS,14828,98,,,,,14831,98,,,,,14829.5,6281.5
2,64200,PINA_COLADAS,14832,81,,,,,14835,81,,,,,14833.5,5272.5
2,64300,PINA_COLADAS,14833,108,,,,,14836,108,,,,,14834.5,4880
2,64400,PINA_COLADAS,14832,98,,,,,14835,98,,,,,14833.5,5222
2,64500,PINA_COLADAS,14830,21,14829,65,,,14832,21,14833,65,,,14831,5914.5
2,64600,PINA_COLADAS,14831,98,,,,,14834,98,,,,,14832.5,5550
2,64700,PINA_COLADAS,14833,23,14832,104,,,14835,104,,,,,14834,5213
2,64800,PINA_COLADAS,14832,88,,,,,14833,21,14835,88,,,14832.5,5248
2,64900,PINA_COLADAS,14834,25,14833,72,,,14836,25,14837,72,,,14835,4810.5
2,65000,PINA_COLADAS,14831,40,14830,59,,,14833,40,14834,59,,,14832,5626.5
2,65100,PINA_COLADAS,14831,91,,,,,14834,91,,,,,14832.5,5565.5
2,65200,PINA_COLADAS,14831,77,,,,,14832,34,14834,77,,,14831.5,5587.5
2,65300,PINA_COLADAS,14827,71,,,,,14828,10,14830,22,14831,71,14827.5,6517.5
2,65400,PINA_COLADAS,14827,107,,,,,14830,107,,,,,14828.5,6557
2,65500,PINA_COLADAS,14831,95,,,,,14834,30,14835,65,,,14832.5,5402
2,65600,PINA_COLADAS,14835,92,,,,,14838,92,,,,,14836.5,4445
2,65700,PINA_COLADAS,14833,81,,,,,14836,81,,,,,14834.5,4936.5
2,65800,PINA_COLADAS,14833,106,,,,,14836,106,,,,,14834.5,4881
2,65900,PINA_COLADAS,14834,107,,,,,14837,107,,,,,14835.5,4670
2,66000,PINA_COLADAS,14834,39,14833,52,,,14836,39,14837,52,,,14835,4813
2,66100,PINA_COLADAS,14834,101,,,,,14837,101,,,,,14835.5,4565.5
2,66200,PINA_COLADAS,14835,84,,,,,14838,32,14839,52,,,14836.5,4265
2,66300,PINA_COLADAS,14832,36,14831,70,,,14834,36,14835,70,,,14833,5367
2,66400,PINA_COLADAS,14835,22,14834,56,,,14838,78,,,,,14836.5,4462.5
2,66500,PINA_COLADAS,14836,20,14835,54,,,14839,74,,,,,14837.5,4182.5
2,66600,PINA_COLADAS,14835,94,,,,,14838,94,,,,,14836.5,4285
2,66700,PINA_COLADAS,14833,101,,,,,14836,34,14837,67,,,14834.5,4842
2,66800,PINA_COLADAS,14835,31,14834,75,,,14837,31,14838,75,,,14836,4502.5
2,66900,PINA_COLADAS,14838,82,,,,,14841,82,,,,,14839.5,3541
2,67000,PINA_COLADAS,14836,82,,,,,14839,82,,,,,14837.5,4128.5
2,67100,PINA_COLADAS,14833,99,,,,,14836,99,,,,,14834.5,5011
2,67200,PINA_COLADAS,14831,91,,,,,14834,91,,,,,14832.5,5586
2,67300,PINA_COLADAS,14834,30,14833,75,,,14837,105,,,,,14835.5,4757
2,67400,PINA_COLADAS,14834,101,,,,,14837,101,,,,,14835.5,4691.5
2,67500,PINA_COLADAS,14832,83,,,,,14835,83,,,,,14833.5,5139.5
2,67600,PINA_COLADAS,14832,26,14831,58,,,14834,26,14835,58,,,14833,5381
2,67700,PINA_COLADAS,14834,84,,,,,14837,84,,,,,14835.5,4710.5
2,67800,PINA_COLADAS,14838,89,,,,,14841,89,,,,,14839.5,3450.5
2,67900,PINA_COLADAS,14836,81,,,,,14839,81,,,,,14837.5,4109.5
2,68000,PINA_COLADAS,14836,88,,,,,14837,29,14839,88,,,14836.5,4115
2,68100,PINA_COLADAS,14836,33,14835,61,,,14838,33,14839,61,,,14837,4200
2,68200,PINA_COLADAS,14833,102,,,,,14836,102,,,,,14834.5,5002.5
2,68300,PINA_COLADAS,14832,90,,,,,14835,90,,,,,14833.5,5135
2,68400,PINA_COLADAS,14833,23,14832,62,,,14835,23,14836,62,,,14834,5068
2,68500,PINA_COLADAS,14835,21,14834,59,,,14837,21,14838,59,,,14836,4521
2,68600,PINA_COLADAS,14834,101,,,,,14837,101,,,,,14835.5,4726.5
2,68700,PINA_COLADAS,14832,35,14831,55,,,14834,35,14835,55,,,14833,5338
2,68800,PINA_COLADAS,14829,98,,,,,14832,98,,,,,14830.5,6058.5
2,68900,PINA_COLADAS,14829,114,,,,,14832,114,,,,,14830.5,5986.5
2,69000,PINA_COLADAS,14832,101,,,,,14835,101,,,,,14833.5,5249
2,69100,PINA_COLADAS,14835,98,,,,,14838,98,,,,,14836.5,4284
2,69200,PINA_COLADAS,14838,39,14837,72,,,14840,72,,,,,14839,3885
2,69300,PINA_COLADAS,14836,103,,,,,14839,103,,,,,14837.5,4169
2,69400,PINA_COLADAS,14835,92,,,,,14838,92,,,,,14836.5,4432.5
2,69500,PINA_COLADAS,14835,97,,,,,14838,97,,,,,14836.5,4420
2,69600,PINA_COLADAS,14832,99,,,,,14835,99,,,,,14833.5,5203.5
2,69700,PINA_COLADAS,14831,93,,,,,14834,93,,,,,14832.5,5458.5
2,69800,PINA_COLADAS,14831,87,,,,,14834,29,14835,58,,,14832.5,5392
2,69900,PINA_COLADAS,14836,31,14835,61,,,14838,31,14839,61,,,14837,4210
2,70000,PINA_COLADAS,14835,109,,,,,14838,109,,,,,14836.5,4332.5
2,70100,PINA_COLADAS,14834,91,,,,,14837,91,,,,,14835.5,4617.5
2,70200,PINA_COLADAS,14836,94,,,,,14839,94,,,,,14837.5,4032.5
2,70300,PINA_COLADAS,14833,90,,,,,14836,90,,,,,14834.5,4984
2,70400,PINA_COLADAS,14837,101,,,,,14840,101,,,,,14838.5,3887
2,70500,PINA_COLADAS,14841,27,14840,97,,,14843,97,,,,,14842,2969
2,70600,PINA_COLADAS,14841,94,,,,,14844,29,14845,65,,,14842.5,2581.5
2,70700,PINA_COLADAS,14838,80,,,,,14841,80,,,,,14839.5,3447.5
2,70800,PINA_COLADAS,14841,100,,,,,14844,100,,,,,14842.5,2631.5
2,70900,PINA_COLADAS,14841,91,,,,,14844,38,14845,53,,,14842.5,2566
2,71000,PINA_COLADAS,14844,89,,,,,14847,89,,,,,14845.5,1734.5
2,71100,PINA_COLADAS,14845,84,,,,,14848,84,,,,,14846.5,1610
2,71200,PINA_COLADAS,14843,88,,,,,14846,88,,,,,14844.5,2104
2,71300,PINA_COLADAS,14844,100,,,,,14847,100,,,,,14845.5,1908.5
2,71400,PINA_COLADAS,14843,37,14842,67,,,14845,37,14846,67,,,14844,2255.5
2,71500,PINA_COLADAS,14843,98,,,,,14846,98,,,,,14844.5,2101
2,71600,PINA_COLADAS,14844,30,14843,50,,,14846,30,14847,50,,,14845,1948.5
2,71700,PINA_COLADAS,14846,36,14845,55,,,14848,36,14849,55,,,14847,1373
2,71800,PINA_COLADAS,14849,38,14848,66,,,14852,104,,,,,14850.5,500.5
2,71900,PINA_COLADAS,14846,87,,,,,14847,40,14849,87,,,14846.5,1335.5
2,72000,PINA_COLADAS,14844,25,14843,60,,,14846,25,14847,60,,,14845,1990
2,72100,PINA_COLADAS,14843,75,,,,,14846,75,,,,,14844.5,2134
2,72200,PINA_COLADAS,14845,79,,,,,14848,79,,,,,14846.5,1510
2,72300,PINA_COLADAS,14846,93,,,,,14849,93,,,,,14847.5,1292
2,72400,PINA_COLADAS,14844,108,,,,,14845,21,14847,108,,,14844.5,1773.5
2,72500,PINA_COLADAS,14844,88,,,,,14847,88,,,,,14845.5,1745.5
2,72600,PINA_COLADAS,14844,21,14843,69,,,14846,21,14847,69,,,14845,1986
2,72700,PINA_COLADAS,14843,74,,,,,14846,74,,,,,14844.5,2070.5
2,72800,PINA_COLADAS,14845,84,,,,,14848,84,,,,,14846.5,1539
2,72900,PINA_COLADAS,14846,37,14845,51,,,14848,37,14849,51,,,14847,1404
2,73000,PINA_COLADAS,14843,98,,,,,14846,98,,,,,14844.5,2124
2,73100,PINA_COLADAS,14844,86,,,,,14847,86,,,,,14845.5,1782.5
2,73200,PINA_COLADAS,14845,89,,,,,14848,89,,,,,14846.5,1564
2,73300,PINA_COLADAS,14842,94,,,,,14845,94,,,,,14843.5,2327
2,73400,PINA_COLADAS,14842,77,,,,,14845,77,,,,,14843.5,2448.5
2,73500,PINA_COLADAS,14835,25,14834,57,,,14837,25,14838,57,,,14836,4495
2,73600,PINA_COLADAS,14836,70,,,,,14839,70,,,,,14837.5,4132.5
2,73700,PINA_COLADAS,14833,87,,,,,14836,34,14837,53,,,14834.5,4843
2,73800,PINA_COLADAS,14838,94,,,,,14841,94,,,,,14839.5,3450
2,73900,PINA_COLADAS,14838,75,,,,,14841,75,,,,,14839.5,3465
2,74000,PINA_COLADAS,14840,10,14839,68,,,14842,39,14843,68,,,14841,3126.5
2,74100,PINA_COLADAS,14840,80,,,,,14843,80,,,,,14841.5,2960.5
2,74200,PINA_COLADAS,14835,95,,,,,14838,95,,,,,14836.5,4426.5
2,74300,PINA_COLADAS,14832,80,,,,,14835,80,,,,,14833.5,5282
2,74400,PINA_COLADAS,14830,83,,,,,14833,83,,,,,14831.5,5756.5
2,74500,PINA_COLADAS,14833,34,14832,64,,,14836,98,,,,,14834.5,5037
2,74600,PINA_COLADAS,14834,99,,,,,14837,99,,,,,14835.5,4736
2,74700,PINA_COLADAS,14832,102,,,,,14835,102,,,,,14833.5,5251.5
2,74800,PINA_COLADAS,14833,95,,,,,14836,95,,,,,14834.5,4861
2,74900,PINA_COLADAS,14835,105,,,,,14838,105,,,,,14836.5,4397.5
2,75000,PINA_COLADAS,14834,100,,,,,14837,37,14838,63,,,14835.5,4556.5
2,75100,PINA_COLADAS,14833,101,,,,,14836,101,,,,,14834.5,4917
2,75200,PINA_COLADAS,14834,97,,,,,14837,97,,,,,14835.5,4737
2,75300,PINA_COLADAS,14835,103,,,,,14838,103,,,,,14836.5,4349.5
2,75400,PINA_COLADAS,14835,20,14834,65,,,14837,20,14838,65,,,14836,4502.5
2,75500,PINA_COLADAS,14839,88,,,,,14842,88,,,,,14840.5,3189.5
2,75600,PINA_COLADAS,14840,38,14839,69,,,14843,107,,,,,14841.5,3063.5
2,75700,PINA_COLADAS,14842,106,,,,,14845,32,14846,74,,,14843.5,2289.5
2,75800,PINA_COLADAS,14843,83,,,,,14846,83,,,,,14844.5,2159.5
2,75900,PINA_COLADAS,14842,107,,,,,14845,107,,,,,14843.5,2406.5
2,76000,PINA_COLADAS,14841,101,,,,,14844,101,,,,,14842.5,2719
2,76100,PINA_COLADAS,14841,79,,,,,14844,79,,,,,14842.5,2726.5
2,76200,PINA_COLADAS,14837,85,,,,,14838,39,14840,85,,,14837.5,3789.5
2,76300,PINA_COLADAS,14835,78,,,,,14838,78,,,,,14836.5,4424.5
2,76400,PINA_COLADAS,14833,34,14832,54,,,14835,34,14836,54,,,14834,5057.5
2,76500,PINA_COLADAS,14830,95,,,,,14833,95,,,,,14831.5,5791.5
2,76600,PINA_COLADAS,14831,37,14830,89,,,14833,89,,,,,14832,5700.5
2,76700,PINA_COLADAS,14829,15,14828,54,,,14831,38,14832,54,,,14830,6211.5
2,76800,PINA_COLADAS,14832,20,14831,75,,,14834,20,14835,75,,,14833,5378.5
2,76900,PINA_COLADAS,14832,97,,,,,14835,97,,,,,14833.5,5145
2,77000,PINA_COLADAS,14829,22,14828,67,,,14832,89,,,,,14830.5,6169.5
2,77100,PINA_COLADAS,14826,97,,,,,14829,97,,,,,14827.5,6947
2,77200,PINA_COLADAS,14830,80,,,,,14833,80,,,,,14831.5,5850
2,77300,PINA_COLADAS,14831,79,,,,,14834,79,,,,,14832.5,5427.5
2,77400,PINA_COLADAS,14831,72,,,,,14834,72,,,,,14832.5,5547.5
2,77500,PINA_COLADAS,14830,86,,,,,14833,86,,,,,14831.5,5749.5
2,77600,PINA_COLADAS,14831,76,,,,,14834,76,,,,,14832.5,5585
2,77700,PINA_COLADAS,14831,105,,,,,14834,105,,,,,14832.5,5561
2,77800,PINA_COLADAS,14830,21,14829,50,,,14832,21,14833,50,,,14831,5900.5
2,77900,PINA_COLADAS,14828,76,,,,,14831,76,,,,,14829.5,6340
2,78000,PINA_COLADAS,14829,99,,,,,14832,99,,,,,14830.5,6076
2,78100,PINA_COLADAS,14830,27,14829,54,,,14831,40,14832,27,14833,54,14830.5,5912
2,78200,PINA_COLADAS,14832,20,14831,32,14830,67,14834,99,,,,,14833,5592.5
2,78300,PINA_COLADAS,14833,20,14832,108,,,14835,108,,,,,14834,5239.5
2,78400,PINA_COLADAS,14830,102,,,,,14833,102,,,,,14831.5,5791
2,78500,PINA_COLADAS,14832,21,14831,60,,,14834,21,14835,60,,,14833,5336.5
2,78600,PINA_COLADAS,14830,73,,,,,14833,73,,,,,14831.5,5839
2,78700,PINA_COLADAS,14827,84,,,,,14830,84,,,,,14828.5,6689.5
2,78800,PINA_COLADAS,14827,92,,,,,14830,92,,,,,14828.5,6580.5
2,78900,PINA_COLADAS,14828,23,14827,53,,,14830,23,14831,53,,,14829,6474
2,79000,PINA_COLADAS,14826,88,,,,,14829,88,,,,,14827.5,6851.5
2,79100,PINA_COLADAS,14823,86,,,,,14824,32,14826,86,,,14823.5,7746.5
2,79200,PINA_COLADAS,14821,75,,,,,14824,20,14825,55,,,14822.5,8238.5
2,79300,PINA_COLADAS,14820,91,,,,,14823,91,,,,,14821.5,8670
2,79400,PINA_COLADAS,14821,23,14820,52,,,14823,23,14824,52,,,14822,8458
2,79500,PINA_COLADAS,14823,30,14822,54,,,14825,30,14826,54,,,14824,7922.5
2,79600,PINA_COLADAS,14821,88,,,,,14824,88,,,,,14822.5,8306
2,79700,PINA_COLADAS,14820,34,14819,77,,,14822,21,14823,56,,,14821,8804.25
2,79800,PINA_COLADAS,14819,29,14818,51,,,14822,80,,,,,14820.5,9001.75
2,79900,PINA_COLADAS,14817,25,14816,70,,,14819,25,14820,70,,,14818,9581
2,80000,PINA_COLADAS,14821,97,,,,,14824,97,,,,,14822.5,8255
2,80100,PINA_COLADAS,14822,93,,,,,14825,93,,,,,14823.5,8066.5
2,80200,PINA_COLADAS,14820,90,,,,,14823,90,,,,,14821.5,8552
2,80300,PINA_COLADAS,14820,103,,,,,14823,103,,,,,14821.5,8681.5
2,80400,PINA_COLADAS,14825,106,,,,,14828,106,,,,,14826.5,7233
2,80500,PINA_COLADAS,14827,77,14826,60,,,14829,39,14830,60,,,14828,6778.5
2,80600,PINA_COLADAS,14830,32,14829,63,,,14832,32,14833,63,,,14831,5943.5
2,80700,PINA_COLADAS,14832,98,,,,,14835,98,,,,,14833.5,5254
2,80800,PINA_COLADAS,14833,104,,,,,14836,36,14837,68,,,14834.5,4840
2,80900,PINA_COLADAS,14831,84,,,,,14834,84,,,,,14832.5,5500.5
2,81000,PINA_COLADAS,14828,88,,,,,14831,88,,,,,14829.5,6271.5
2,81100,PINA_COLADAS,14830,80,,,,,14833,80,,,,,14831.5,5732.5
2,81200,PINA_COLADAS,14829,91,,,,,14832,91,,,,,14830.5,6034.5
2,81300,PINA_COLADAS,14828,5,14826,99,,,14829,99,,,,,14828.5,6841.5
2,81400,PINA_COLADAS,14822,96,,,,,14825,96,,,,,14823.5,8075.5
2,81500,PINA_COLADAS,14823,32,14822,107,,,14825,107,,,,,14824,8087.5
2,81600,PINA_COLADAS,14821,94,,,,,14824,28,14825,66,,,14822.5,8227.5
2,81700,PINA_COLADAS,14819,109,,,,,14822,109,,,,,14820.5,8886.5
2,81800,PINA_COLADAS,14820,31,14819,64,,,14822,31,14823,64,,,14821,8780.5
2,81900,PINA_COLADAS,14820,79,,,,,14823,79,,,,,14821.5,8695.5
2,82000,PINA_COLADAS,14819,113,,,,,14822,113,,,,,14820.5,8844
2,82100,PINA_COLADAS,14819,86,,,,,14822,86,,,,,14820.5,8929
2,82200,PINA_COLADAS,14819,109,,,,,14820,30,14822,109,,,14819.5,8866
2,82300,PINA_COLADAS,14818,37,14817,68,,,14821,105,,,,,14819.5,9270
2,82400,PINA_COLADAS,14817,25,14816,72,,,14819,25,14820,72,,,14818,9592.75
2,82500,PINA_COLADAS,14816,106,,,,,14819,106,,,,,14817.5,9681.75
2,82600,PINA_COLADAS,14818,103,,,,,14821,103,,,,,14819.5,9122.25
2,82700,PINA_COLADAS,14816,99,,,,,14819,99,,,,,14817.5,9744.75
2,82800,PINA_COLADAS,14818,102,,,,,14821,102,,,,,14819.5,9268
2,82900,PINA_COLADAS,14813,93,,,,,14816,93,,,,,14814.5,10656
2,83000,PINA_COLADAS,14818,95,,,,,14821,95,,,,,14819.5,9175.5
2,83100,PINA_COLADAS,14818,91,,,,,14821,91,,,,,14819.5,9173
2,83200,PINA_COLADAS,14819,32,14818,83,,,14821,83,,,,,14820,9179.75
2,83300,PINA_COLADAS,14818,33,14817,57,,,14820,33,14821,57,,,14819,9302
2,83400,PINA_COLADAS,14815,76,,,,,14818,76,,,,,14816.5,10048
2,83500,PINA_COLADAS,14818,29,14817,56,,,14820,29,14821,56,,,14819,9294.75
2,83600,PINA_COLADAS,14816,78,,,,,14817,20,14819,78,,,14816.5,9768.5
2,83700,PINA_COLADAS,14817,35,14816,62,,,14819,35,14820,62,,,14818,9604.5
2,83800,PINA_COLADAS,14819,87,,,,,14822,87,,,,,14820.5,8872
2,83900,PINA_COLADAS,14818,86,,,,,14821,86,,,,,14819.5,9166.25
2,84000,PINA_COLADAS,14815,101,,,,,14818,38,14819,63,,,14816.5,9939.25
2,84100,PINA_COLADAS,14814,28,14813,73,,,14817,101,,,,,14815.5,10419
2,84200,PINA_COLADAS,14816,88,,,,,14819,88,,,,,14817.5,9706.25
2,84300,PINA_COLADAS,14812,24,14811,62,,,14815,86,,,,,14813.5,10981.75
2,84400,PINA_COLADAS,14812,108,,,,,14815,38,14816,70,,,14813.5,10772.75
2,84500,PINA_COLADAS,14815,22,14814,62,,,14817,22,14818,62,,,14816,10152.5
2,84600,PINA_COLADAS,14815,65,,,,,14816,17,14818,22,14819,65,14815.5,9912.75
2,84700,PINA_COLADAS,14818,112,,,,,14821,112,,,,,14819.5,9111.5
2,84800,PINA_COLADAS,14820,23,14819,70,,,14822,23,14823,70,,,14821,8738.5
2,84900,PINA_COLADAS,14820,90,,,,,14821,40,14823,90,,,14820.5,8650.5
2,85000,PINA_COLADAS,14817,77,,,,,14820,27,14821,50,,,14818.5,9373.25
2,85100,PINA_COLADAS,14820,22,14819,68,,,14822,22,14823,68,,,14821,8766
2,85200,PINA_COLADAS,14819,103,,,,,14822,103,,,,,14820.5,8912.25
2,85300,PINA_COLADAS,14820,107,,,,,14823,32,14824,75,,,14821.5,8512.5
2,85400,PINA_COLADAS,14822,23,14821,62,,,14824,23,14825,62,,,14823,8181
2,85500,PINA_COLADAS,14821,96,,,,,14824,96,,,,,14822.5,8262
2,85600,PINA_COLADAS,14819,33,14818,70,,,14821,33,14822,70,,,14820,9019
2,85700,PINA_COLADAS,14820,80,,,,,14823,80,,,,,14821.5,8539
2,85800,PINA_COLADAS,14819,109,,,,,14822,109,,,,,14820.5,8926.25
2,85900,PINA_COLADAS,14818,89,,,,,14821,89,,,,,14819.5,9108.25
2,86000,PINA_COLADAS,14816,101,,,,,14819,29,14820,72,,,14817.5,9644.75
2,86100,PINA_COLADAS,14817,93,,,,,14820,93,,,,,14818.5,9422.5
2,86200,PINA_COLADAS,14818,39,14817,73,,,14820,39,14821,73,,,14819,9322.75
2,86300,PINA_COLADAS,14815,94,,,,,14818,94,,,,,14816.5,9987
2,86400,PINA_COLADAS,14812,95,,,,,14815,95,,,,,14813.5,10902.5
2,86500,PINA_COLADAS,14810,83,,,,,14813,83,,,,,14811.5,11422.75
2,86600,PINA_COLADAS,14808,84,,,,,14811,84,,,,,14809.5,12045.25
2,86700,PINA_COLADAS,14809,80,,,,,14812,80,,,,,14810.5,11811
2,86800,PINA_COLADAS,14809,37,14808,99,,,14811,99,,,,,14810,11971.5
2,86900,PINA_COLADAS,14808,89,,,,,14811,89,,,,,14809.5,11952
2,87000,PINA_COLADAS,14804,96,,,,,14805,34,14807,96,,,14804.5,13080
2,87100,PINA_COLADAS,14803,109,,,,,14806,109,,,,,14804.5,13495.75
2,87200,PINA_COLADAS,14805,83,,,,,14808,83,,,,,14806.5,12935.75
2,87300,PINA_COLADAS,14807,25,14806,73,,,14809,25,14810,73,,,14808,12428
2,87400,PINA_COLADAS,14807,90,,,,,14810,24,14811,66,,,14808.5,12190.75
2,87500,PINA_COLADAS,14809,92,,,,,14812,92,,,,,14810.5,11733.5
2,87600,PINA_COLADAS,14807,85,,,,,14810,85,,,,,14808.5,12292.5
2,87700,PINA_COLADAS,14811,105,,,,,14814,105,,,,,14812.5,11203.25
2,87800,PINA_COLADAS,14813,75,,,,,14816,75,,,,,14814.5,10640.25
2,87900,PINA_COLADAS,14816,34,14815,51,,,14818,34,14819,51,,,14817,9897
2,88000,PINA_COLADAS,14819,40,14818,60,,,14821,40,14822,60,,,14820,9009
2,88100,PINA_COLADAS,14816,96,,,,,14819,96,,,,,14817.5,9768.5
2,88200,PINA_COLADAS,14813,93,,,,,14816,93,,,,,14814.5,10640
2,88300,PINA_COLADAS,14815,21,14814,55,,,14817,21,14818,55,,,14816,10147
2,88400,PINA_COLADAS,14816,91,,,,,14819,91,,,,,14817.5,9774.5
2,88500,PINA_COLADAS,14820,28,14819,55,,,14822,28,14823,55,,,14821,8736
2,88600,PINA_COLADAS,14822,106,,,,,14825,106,,,,,14823.5,8117
2,88700,PINA_COLADAS,14823,73,,,,,14826,73,,,,,14824.5,7798.5
2,88800,PINA_COLADAS,14823,110,,,,,14826,110,,,,,14824.5,7771.5
2,88900,PINA_COLADAS,14828,108,,,,,14831,108,,,,,14829.5,6342.5
2,89000,PINA_COLADAS,14831,81,,,,,14834,81,,,,,14832.5,5492
2,89100,PINA_COLADAS,14834,33,14833,76,,,14836,76,,,,,14835,4922
2,89200,PINA_COLADAS,14836,40,14835,70,,,14838,40,14839,70,,,14837,4258.5
2,89300,PINA_COLADAS,14839,101,,,,,14842,27,14843,74,,,14840.5,3136.5
2,89400,PINA_COLADAS,14841,80,,,,,14844,80,,,,,14842.5,2606.5
2,89500,PINA_COLADAS,14843,95,,,,,14846,23,14847,72,,,14844.5,2012
2,89600,PINA_COLADAS,14842,93,,,,,14845,93,,,,,14843.5,2411
2,89700,PINA_COLADAS,14843,95,,,,,14846,95,,,,,14844.5,2098.5
2,89800,PINA_COLADAS,14841,15,14840,29,14839,64,14842,29,14843,64,,,14841.5,3126
2,89900,PINA_COLADAS,14840,86,,,,,14843,86,,,,,14841.5,2999.5
2,90000,PINA_COLADAS,14838,105,,,,,14841,105,,,,,14839.5,3445.5
2,90100,PINA_COLADAS,14840,20,14839,63,,,14843,83,,,,,14841.5,3064
2,90200,PINA_COLADAS,14842,79,,,,,14845,79,,,,,14843.5,2456
2,90300,PINA_COLADAS,14841,25,14840,82,,,14843,82,,,,,14842,2937
2,90400,PINA_COLADAS,14839,99,,,,,14842,99,,,,,14840.5,3321
2,90500,PINA_COLADAS,14839,88,,,,,14842,88,,,,,14840.5,3173
2,90600,PINA_COLADAS,14839,20,14838,63,,,14842,83,,,,,14840.5,3344.5
2,90700,PINA_COLADAS,14835,103,,,,,14838,103,,,,,14836.5,4337.5
2,90800,PINA_COLADAS,14839,38,14838,73,,,14841,38,14842,73,,,14840,3367
2,90900,PINA_COLADAS,14843,37,14842,20,14841,55,14844,20,14845,55,,,14843.5,2518.5
2,91000,PINA_COLADAS,14841,33,14840,52,,,14843,33,14844,52,,,14842,2792.5
2,91100,PINA_COLADAS,14845,23,14844,52,,,14848,75,,,,,14846.5,1637
2,91200,PINA_COLADAS,14850,30,14849,66,,,14852,30,14853,66,,,14851,282.5
2,91300,PINA_COLADAS,14851,36,14850,59,,,14854,95,,,,,14852.5,-55
2,91400,PINA_COLADAS,14855,38,14854,64,,,14858,102,,,,,14856.5,-1189.5
2,91500,PINA_COLADAS,14853,94,,,,,14856,94,,,,,14854.5,-655.5
2,91600,PINA_COLADAS,14853,94,,,,,14856,94,,,,,14854.5,-700.5
2,91700,PINA_COLADAS,14854,88,,,,,14857,88,,,,,14855.5,-935
2,91800,PINA_COLADAS,14856,93,,,,,14857,27,14859,93,,,14856.5,-1515.5
2,91900,PINA_COLADAS,14858,96,,,,,14861,96,,,,,14859.5,-2205.5
2,92000,PINA_COLADAS,14857,37,14856,68,,,14859,37,14860,68,,,14858,-1742.5
2,92100,PINA_COLADAS,14855,35,14854,52,,,14857,35,14858,52,,,14856,-1139.5
2,92200,PINA_COLADAS,14856,37,14855,70,,,14858,37,14859,70,,,14857,-1423.5
2,92300,PINA_COLADAS,14852,91,,,,,14855,91,,,,,14853.5,-409.5
2,92400,PINA_COLADAS,14856,38,14855,60,,,14858,38,14859,60,,,14857,-1454.5
2,92500,PINA_COLADAS,14855,104,,,,,14858,104,,,,,14856.5,-1213.5
2,92600,PINA_COLADAS,14855,27,14854,62,,,14858,89,,,,,14856.5,-1184.5
2,92700,PINA_COLADAS,14856,94,,,,,14859,94,,,,,14857.5,-1644
2,92800,PINA_COLADAS,14857,89,,,,,14860,89,,,,,14858.5,-1933
2,92900,PINA_COLADAS,14858,39,14857,74,,,14860,39,14861,74,,,14859,-2024
2,93000,PINA_COLADAS,14859,34,14858,67,,,14861,34,14862,67,,,14860,-2277
2,93100,PINA_COLADAS,14855,106,,,,,14858,106,,,,,14856.5,-1363
2,93200,PINA_COLADAS,14858,102,,,,,14861,102,,,,,14859.5,-2072
2,93300,PINA_COLADAS,14857,85,,,,,14860,85,,,,,14858.5,-1886.5
2,93400,PINA_COLADAS,14859,93,,,,,14862,93,,,,,14860.5,-2398
2,93500,PINA_COLADAS,14856,37,14855,69,,,14859,106,,,,,14857.5,-1477
2,93600,PINA_COLADAS,14857,22,14856,61,,,14859,22,14860,61,,,14858,-1693.5
2,93700,PINA_COLADAS,14856,37,14855,53,,,14859,90,,,,,14857.5,-1464
2,93800,PINA_COLADAS,14859,23,14858,78,,,14861,78,,,,,14860,-2122.5
2,93900,PINA_COLADAS,14855,105,,,,,14858,105,,,,,14856.5,-1366.5
2,94000,PINA_COLADAS,14853,103,,,,,14856,103,,,,,14854.5,-762.5
2,94100,PINA_COLADAS,14853,99,,,,,14856,99,,,,,14854.5,-785.5
2,94200,PINA_COLADAS,14854,31,14853,56,,,14856,31,14857,56,,,14855,-841.5
2,94300,PINA_COLADAS,14856,105,,,,,14859,105,,,,,14857.5,-1644
2,94400,PINA_COLADAS,14859,100,,,,,14862,100,,,,,14860.5,-2468
2,94500,PINA_COLADAS,14857,95,,,,,14860,95,,,,,14858.5,-1821.5
2,94600,PINA_COLADAS,14858,92,,,,,14861,92,,,,,14859.5,-2089
2,94700,PINA_COLADAS,14860,31,14859,72,,,14862,31,14863,72,,,14861,-2577.5
2,94800,PINA_COLADAS,14860,35,14859,63,,,14862,35,14863,63,,,14861,-2579
2,94900,PINA_COLADAS,14861,92,,,,,14864,92,,,,,14862.5,-2906.5
2,95000,PINA_COLADAS,14864,95,,,,,14867,95,,,,,14865.5,-3882
2,95100,PINA_COLADAS,14861,96,,,,,14864,96,,,,,14862.5,-3058.5
2,95200,PINA_COLADAS,14864,102,,,,,14867,102,,,,,14865.5,-3821.5
2,95300,PINA_COLADAS,14862,94,,,,,14865,94,,,,,14863.5,-3280
2,95400,PINA_COLADAS,14862,96,,,,,14865,96,,,,,14863.5,-3329
2,95500,PINA_COLADAS,14865,22,14864,69,,,14867,22,14868,69,,,14866,-3975
2,95600,PINA_COLADAS,14866,25,14865,65,,,14869,90,,,,,14867.5,-4307
2,95700,PINA_COLADAS,14864,73,,,,,14867,73,,,,,14865.5,-3854
2,95800,PINA_COLADAS,14863,90,,,,,14866,23,14867,67,,,14864.5,-3647.5
2,95900,PINA_COLADAS,14864,20,14863,74,,,14866,20,14867,74,,,14865,-3672.5
2,96000,PINA_COLADAS,14866,20,14865,52,,,14869,72,,,,,14867.5,-4298
2,96100,PINA_COLADAS,14869,27,14868,23,14867,75,14871,98,,,,,14870,-4869.5
2,96200,PINA_COLADAS,14870,101,,,,,14873,101,,,,,14871.5,-5513.5
2,96300,PINA_COLADAS,14871,102,,,,,14874,102,,,,,14872.5,-5835.5
2,96400,PINA_COLADAS,14870,103,,,,,14873,103,,,,,14871.5,-5604
2,96500,PINA_COLADAS,14869,85,,,,,14872,85,,,,,14870.5,-5336
2,96600,PINA_COLADAS,14869,35,14868,67,,,14872,102,,,,,14870.5,-5164
2,96700,PINA_COLADAS,14867,86,,,,,14870,86,,,,,14868.5,-4668.5
2,96800,PINA_COLADAS,14870,92,,,,,14871,39,14873,92,,,14870.5,-5565
2,96900,PINA_COLADAS,14868,93,,,,,14871,93,,,,,14869.5,-4963
2,97000,PINA_COLADAS,14867,100,,,,,14870,100,,,,,14868.5,-4726.5
2,97100,PINA_COLADAS,14867,95,,,,,14870,95,,,,,14868.5,-4616
2,97200,PINA_COLADAS,14868,98,,,,,14871,98,,,,,14869.5,-5032.5
2,97300,PINA_COLADAS,14869,84,,,,,14872,84,,,,,14870.5,-5292
2,97400,PINA_COLADAS,14870,96,,,,,14873,96,,,,,14871.5,-5617.5
2,97500,PINA_COLADAS,14867,106,,,,,14870,31,14871,75,,,14868.5,-4780
2,97600,PINA_COLADAS,14866,31,14865,55,,,14868,31,14869,55,,,14867,-4287.5
2,97700,PINA_COLADAS,14865,37,14864,67,,,14867,37,14868,67,,,14866,-3982.5
2,97800,PINA_COLADAS,14866,31,14865,97,,,14868,34,14869,63,,,14867,-4218
2,97900,PINA_COLADAS,14868,73,,,,,14871,73,,,,,14869.5,-5042.5
2,98000,PINA_COLADAS,14870,102,,,,,14873,102,,,,,14871.5,-5556.5
2,98100,PINA_COLADAS,14869,40,14868,75,,,14871,40,14872,75,,,14870,-5125.5
2,98200,PINA_COLADAS,14868,96,,,,,14871,96,,,,,14869.5,-4986.5
2,98300,PINA_COLADAS,14868,28,14867,65,,,14871,93,,,,,14869.5,-4879.5
2,98400,PINA_COLADAS,14870,31,14869,54,,,14872,31,14873,54,,,14871,-5422
2,98500,PINA_COLADAS,14871,94,,,,,14874,94,,,,,14872.5,-5802
2,98600,PINA_COLADAS,14873,107,,,,,14876,107,,,,,14874.5,-6338.5
2,98700,PINA_COLADAS,14874,74,,,,,14877,74,,,,,14875.5,-6645
2,98800,PINA_COLADAS,14873,63,14872,67,,,14875,38,14876,67,,,14874,-6220.5
2,98900,PINA_COLADAS,14873,38,14872,55,,,14875,38,14876,55,,,14874,-6250.5
2,99000,PINA_COLADAS,14872,76,,,,,14875,76,,,,,14873.5,-6187.5
2,99100,PINA_COLADAS,14875,23,14874,65,,,14877,23,14878,65,,,14876,-6812.5
2,99200,PINA_COLADAS,14872,18,14871,75,,,14874,39,14875,75,,,14873,-5948.5
2,99300,PINA_COLADAS,14871,110,,,,,14874,110,,,,,14872.5,-5893
2,99400,PINA_COLADAS,14871,27,14870,92,,,14873,92,,,,,14872,-5569.5
2,99500,PINA_COLADAS,14871,100,,,,,14874,26,14875,74,,,14872.5,-5928.5
2,99600,PINA_COLADAS,14874,98,,,,,14877,35,14878,63,,,14875.5,-6768.5
2,99700,PINA_COLADAS,14871,96,,,,,14874,21,14875,75,,,14872.5,-5910.5
2,99800,PINA_COLADAS,14872,30,14871,52,,,14875,82,,,,,14873.5,-6012
2,99900,PINA_COLADAS,14872,97,,,,,14875,97,,,,,14873.5,-6069
